2032 3128
73 98 287 139 οο-ιοι
686 93 766 136 AD
799 91 1167 136 PYTHOCLEM
1696 92 1768 146 35

78 235 282 292 πλείους
322 234 381 283 αἱ
417 239 514 282 τῶν
554 223 791 281 τοιούτων
833 231 1086 291 συστάσεις
1128 231 1220 281 οὐκ
1259 231 1561 283 ἀδυνατοῦσι
1599 247 1767 282 συντε-

81 320 288 365 λεῖσθαι.
322 313 450 379 Ἤδη
483 308 530 364 δ’
558 308 644 362 ἀπ’
674 313 838 363 αὐτῶν
861 304 893 384 ᾗ
918 311 1007 378 μὲν
1030 312 1362 379 θλιβομένων,
1392 303 1426 384 ᾗ
1452 312 1504 364 δὲ
1530 315 1766 379 μεταβαλ-

80 397 269 448 λόντων
312 396 469 447 ὕδατα
507 395 714 446 δύναται
753 399 1116 460 συντελεῖσθαι,
1163 394 1231 444 ἔτι
1269 413 1316 444 τε
1357 397 1618 454 (πνεύματα
1648 396 1770 441 κατὰ
1799 397 1895 440 100

82 479 336 538 ἀποφορὰν
375 478 469 524 ἀπὸ
510 478 784 535 ἐπιτηδείων
822 477 996 535 τόπων)
1036 475 1119 526 καὶ
1159 471 1227 526 δι’
1257 475 1400 542 ἀέρος
1439 475 1766 541 κινουμένων,

82 558 354 624 βιαιοτέρας
398 557 733 625 ἐπαρδεύσεως
774 557 1038 624 γινομένης
1080 557 1178 608 ἀπό
1221 577 1371 607 τινων
1413 556 1765 622 ἀθροισμάτων
1789 576 1810 608 5

78 640 368 707 ἐπιτηδείων
399 641 469 699 εἰς
500 639 587 699 τὰς
617 641 846 701 τοιαύτας
877 640 1185 705 ἐπιπέμψεις.

155 722 373 790 Βροντὰς
418 720 657 787 ἐνδέχεται
702 723 928 788 γίνεσθαι
965 721 1049 772 καὶ
1087 721 1207 773 κατὰ
1250 722 1526 786 πνεύματος
1569 720 1623 770 ἐν
1666 726 1768 780 τοῖς

79 806 350 869 κοιλώμασι
388 811 486 853 τῶν
526 812 696 867 νεφῶν
735 802 1010 868 ἀνείλησιν,
1042 805 1268 870 καθάπερ
1299 803 1353 854 ἐν
1384 808 1486 863 τοῖς
1515 800 1767 867 ἡμετέροις

80 884 312 953 ἀγγείοις,
342 884 424 934 καὶ
456 884 587 951 παρὰ
610 885 767 949 πυρὸς
789 885 1264 949 πεπνευματωμένου
1288 885 1480 951 βόμβον
1503 883 1557 934 ἐν
1581 882 1769 948 άύτοῖς,

0 975 26 997 ,·
81 966 165 1018 καὶ
195 965 319 1017 κατὰ
350 966 512 1030 ῥήξεις
542 965 594 1017 δὲ
626 975 794 1031 νεφῶν
824 966 907 1017 καὶ
939 967 1236 1031 διαστάσεις,
1267 966 1350 1017 καὶ
1380 966 1503 1017 κατὰ
1532 966 1765 1031 παρατρί-
1780 975 1881 1015 μω

81 1060 196 1110 ψεις
227 1056 393 1111 νεφῶν
424 1047 507 1098 καὶ
538 1046 722 1109 Ττάξεις
754 1050 903 1114 πῆξιν
932 1048 1208 1113 εἰληφότων
1242 1048 1644 1113 κρυσταλλοειδῆ·
1685 1045 1768 1096 καὶ
1792 1067 1834 1099 ιι

80 1129 136 1181 τὸ
180 1129 297 1180 ὅλον
334 1128 417 1178 καὶ
455 1138 596 1180 τοῦτο
635 1130 688 1180 τὸ
729 1129 874 1197 μέρος
911 1133 1189 1196 πλεοναχῶς
1228 1131 1456 1196 γίνεσθαι
1495 1128 1649 1196 λέγειν
1691 1127 1768 1178 έκ-

24 1207 26 1268 J
81 1215 299 1262 καλεῖται
337 1210 396 1260 τὰ
434 1211 725 1276 φαινόμενα.
787 1211 887 1261 Καὶ
926 1210 1170 1278 ἀστραπαὶ
1208 1206 1254 1261 δ’
1284 1210 1516 1271 ὡσαύτως
1545 1213 1766 1279 γίνονται
1792 1219 1882 1265 101

82 1291 205 1342 κατὰ
235 1293 433 1352 πλείους
458 1293 688 1359 τρόπους·
721 1292 802 1342 καὶ
826 1292 917 1359 γὰρ
942 1291 1065 1342 κατὰ
1090 1293 1396 1359 παράτριψιν
1418 1292 1499 1343 καὶ
1526 1293 1768 1360 σύγκρου-

79 1388 165 1424 σιν
203 1382 370 1437 νεφῶν
410 1373 436 1424 ὁ
473 1374 630 1438 πυρὸς
662 1372 1024 1433 ἀποτελεστικὸς
1055 1374 1383 1438 σχηματισμὸς
1413 1372 1767 1433 ἐξολισθαίνων
1791 1393 1834 1424 ιε

82 1453 337 1522 ἀστραπὴν
382 1461 552 1525 γεννᾷ·
609 1454 692 1504 καὶ
736 1450 842 1504 κατ’
879 1453 1167 1519 ἐκριπισμὸν
1212 1453 1267 1503 ἐκ
1311 1462 1410 1503 τῶν
1455 1463 1624 1518 νεφῶν
1669 1455 1768 1505 ὑπὸ

84 1538 378 1603 πνευμάτων
411 1545 509 1586 τῶν
539 1535 777 1587 τοιούτων
808 1536 1045 1601 σωμάτων
1077 1534 1109 1585 ἃ
1139 1535 1230 1600 τὴν
1261 1536 1554 1600 λαμπηδόνα
1585 1537 1767 1601 ταύτην

84 1619 456 1685 παρασκευάζει·
489 1616 571 1667 καὶ
602 1611 707 1667 κατ’
736 1615 1024 1682 ἐκπιασμόν,
1055 1618 1278 1679 θλίψεως
1308 1625 1405 1666 τῶν
1438 1625 1604 1681 νεφῶν
1635 1637 1767 1684 γινο-

86 1699 239 1765 μένης
270 1697 378 1749 εἴθ’
406 1693 493 1748 ὑπ’
522 1697 743 1763 ἀλλήλων
773 1693 872 1749 εἴθ’
899 1697 998 1749 ὑπὸ
1030 1699 1343 1763 πνευμάτων·
1383 1697 1466 1748 καὶ
1495 1693 1603 1748 κατ’
1622 1698 1768 1763 ἔμπε-

87 1781 297 1845 ρίληψιν
328 1779 380 1830 δὲ
411 1787 499 1830 τοῦ
530 1778 628 1831 ἀπὸ
660 1788 758 1830 τῶν
788 1778 978 1846 ἄστρων
1009 1780 1405 1845 κατεσπαρμένου
1438 1780 1625 1846 φωτός,
1668 1776 1769 1830 εἶτα
1792 1802 1835 1835 2⁰

87 1859 514 1925 συνελαυνομένου
553 1861 651 1913 ὑπὸ
691 1869 777 1926 τῆς
815 1861 1052 1926 κινήσεως
1084 1870 1252 1926 νεφῶν
1282 1881 1330 1912 τε
1361 1861 1443 1912 καὶ
1473 1862 1768 1926 πνευμάτων

160 2004 184 2039 2
215 1994 304 2054 ἤδη
337 1995 407 2056 δ’]
440 1995 527 2054 ἤδη
567 1997 618 2043 δὲ
649 2002 683 2041 Β
732 1996 810 2055 ἡδ’
832 2003 866 2041 F
908 2003 914 2056 1
958 1995 1041 2042 ἀπ’
1076 1999 1265 2043 Kuelmz
1313 1995 1388 2044 ἐπ’
1410 2001 1452 2042 Ω,
1494 2000 1502 2054 Ι
1544 1999 1770 2057 μεταβαλ-

84 2067 280 2115 λόντωνε
321 2071 378 2126 cf.
412 2073 504 2129 Ep.
530 2074 588 2116 Π.
621 2073 730 2128 φύσ.
766 2076 829 2117 ΙΔ
858 2073 917 2127 fr.
946 2076 976 2117 6
1008 2073 1242 2123 (Zeitschr.
1275 2074 1308 2128 f.
1341 2074 1385 2118 d.
1418 2077 1571 2119 (isterr.
1602 2073 1766 2131 Gymn.

24 2187 26 2190 v
89 2132 233 2183 1867,
256 2133 368 2185 210)
430 2139 454 2173 8
485 2132 727 2186 πνεύματα
754 2167 761 2175 .
792 2167 799 2175 .
827 2166 837 2176 .
862 2140 886 2175 4
909 2129 1065 2176 τόπων
1095 2133 1258 2178 seclusi
1288 2138 1521 2190 tamquam
1550 2134 1770 2190 reliquias

82 2188 245 2232 scholii
277 2190 640 2248 ‘doxoyraphici'
653 2209 669 2245 ;
698 2193 834 2236 verba
862 2197 973 2236 sunt
1001 2192 1056 2235 de
1086 2194 1372 2249 conceptione
1400 2194 1574 2237 umoris
1605 2193 1766 2246 (Lucr.

8 2307 10 2310 y
97 2245 171 2291 VI
194 2251 404 2305 503sqq.)
444 2251 511 2294 vel
542 2250 596 2294 de
626 2251 801 2309 oriyine
832 2256 1065 2295 ventorum
1098 2251 1258 2305 (Lucr.
1286 2252 1356 2296 VI
1383 2254 1494 2307 529)
1616 2259 1640 2293 8
1670 2251 1768 2309 πν.]

10 2334 11 2341 ,
82 2301 292 2361 ῥεύματα
324 2309 437 2353 Mei.
469 2310 527 2362 cf.
553 2323 602 2366 p.
629 2312 687 2354 34
710 2324 771 2354 vs.
794 2313 856 2354 20
932 2319 966 2352 4·
987 2311 1067 2353 καὶ
1098 2309 1163 2354 δι’
1194 2309 1350 2369 ἀέρος]
1381 2309 1446 2355 δι’
1478 2309 1613 2364 ἀέρος
1648 2310 1770 2352 1²³zt

12 2396 15 2400 <
83 2363 333 2420 διαφόρων
348 2372 381 2410 r
443 2376 466 2410 5
490 2370 546 2423 cf.
566 2369 704 2413 Lucr.
727 2369 796 2412 VI
809 2371 995 2426 517sqq.
1057 2377 1081 2412 8
1104 2369 1324 2424 καθάπερ
1350 2372 1442 2414 κτλ.
1458 2369 1516 2423 cf.
1535 2370 1767 2428 [Ari-etot]

87 2423 162 2468 De
191 2426 362 2471 mundo
393 2430 504 2472 395·
528 2432 585 2471 14
675 2436 699 2470 9
729 2427 1120 2485 πνευματωμένου
1153 2433 1186 2472 Β
1277 2437 1324 2473 1⁰
1355 2429 1435 2472 καὶ
1466 2427 1770 2483 καταρρήξεις

11 2536 13 2541 Ι
87 2481 248 2526 2¹00?
275 2486 282 2537 Ι
310 2483 360 2528 δὲ
393 2501 477 2531 om.
511 2486 606 2529 1⁸2¹
633 2487 639 2543 Ι
668 2487 938 2538 διασπάσεις
976 2488 1051 2532 Us.
1114 2497 1155 2531 ιι
1188 2485 1240 2533 δὲ
1272 2496 1432 2543 νεφῶν
1463 2489 1543 2532 καὶ
1567 2488 1765 2545 ἙΡθΖῐΙ

87 2542 170 2585 καὶ
200 2541 352 2595 τάξεις
374 2547 511 2589 ΒΡῦο
545 2547 623 2590 καὶ
656 2545 871 2600 κατάξεις
894 2550 953 2589 zi
981 2547 1059 2590 καὶ
1093 2547 1358 2598 διαστάσεις
1381 2552 1414 2590 F
1446 2547 1525 2590 καὶ
1549 2545 1770 2599 πατάξεις

7 2655 14 2662 ..
91 2599 213 2646 Gaas
257 2603 314 2657 cf.
350 2603 567 2661 Theophr.
600 2606 684 2650 Fr.
720 2611 891 2650 meteor.
925 2605 1034 2650 Sitz.
1066 2606 1274 2652 Heidelb.
1307 2607 1393 2651 Alc.
1426 2610 1562 2661 1918,
1594 2609 1653 2651 13
1682 2605 1716 2663 5
1740 2609 1768 2648 5

12 2695 15 2700 .
177 2668 224 2704 18
253 2663 518 2719 πλεοναχῶς
562 2678 645 2709 om.
687 2668 789 2707 sz
920 2673 963 2706 1⁷
1003 2671 1095 2708 τῶν
1142 2666 1367 2710 τοιούτων
1414 2665 1637 2721 σωμάτων
1682 2678 1766 2709 om.

6 2767 9 2770 ι
88 2719 192 2762 rzt
307 2728 353 2763 18
384 2719 489 2765 κατ’
516 2724 723 2779 ἐπασμὸν
755 2727 815 2766 zi
854 2720 958 2766 κατ’
987 2724 1233 2780 ἐκπιεσμὸν
1268 2725 1399 2770 Gaas.
1431 2725 1490 2779 cf.
1524 2726 1617 2781 Ep.
1650 2722 1771 2776 Περὶ

18 2812 22 2819 ,
89 2776 197 2830 φύσ.
239 2779 485 2825 XXVIII
509 2783 721 2835 (Hermes
753 2782 937 2827 XXIX
966 2785 1128 2839 (1894)
1159 2798 1205 2839 p.
1230 2784 1415 2839 9⁵28):
1457 2782 1678 2838 πιεσμούς

7 2847 15 2886 g
89 2842 140 2877 20
170 2838 546 2895 κατεσπαρμένου
568 2845 632 2883 F?
653 2841 785 2886 Schn.
813 2846 988 2887 secutus
1012 2843 1434 2888 Aldobrandinum:
1468 2854 1768 2894 κατεσπειρα·

6 2894 13 2946 ᾗ,
35 2908 37 2910 ·
87 2891 233 2948 μένου
261 2898 428 2954 reliqui
