2032 3128
129 107 368 150 188—125
727 104 812 148 AD
843 99 1229 149 MENOECEUM
1751 103 1824 156 45

44 228 53 283 3
125 244 441 310 νομίζουσιν,
489 242 583 294 οὐκ
627 243 771 294 εἰσίν·
826 243 887 295 οὐ
932 242 1026 310 γὰρ
1072 243 1406 306 φυλάττουσιν
1454 241 1636 302 αὐτοὺς
1683 242 1823 303 οἴους

123 325 430 391 νομίζουσιν.
469 322 652 390 ἀσεβὴς
683 323 737 376 δὲ
764 326 854 392 οὐχ
878 322 904 375 6
927 323 1044 385 τοὺς
1067 332 1165 374 τῶν
1188 328 1385 375 πολλῶν
1407 324 1562 384 θεοὺς
1585 322 1822 391 ἀναιρῶν,

38 406 46 456 ἕ
127 402 238 457 ἀλλ’
268 404 294 456 6
324 405 410 466 τὰς
440 413 538 456 τῶν
568 410 763 456 πολλῶν
794 407 940 468 δόξας
971 410 1112 466 θεοῖς
1143 406 1450 472 προσάπτων.
1484 405 1545 456 οὐ
1575 405 1667 473 γὰρ
1699 424 1818 471 προ-
1844 404 1943 459 124

37 479 49 501 '¹
128 489 310 554 λήψεις
354 486 480 538 εἰσὶν
527 482 633 538 ἀλλ’
669 487 948 554 ὑπολήψεις
993 489 1198 552 ψευδεῖς
1238 488 1293 537 αἱ
1325 494 1424 537 τῶν
1462 491 1659 538 πολλῶν
1697 485 1821 555 ὑπὲρ

37 563 40 566 ’
131 576 269 622 θεῶν
299 568 589 634 ἀποφάσεις.
621 569 771 621 ἔνθεν
796 571 852 620 αἰ
871 568 1089 637 μέγισται
1111 565 1327 635 βλάβαιῒ
1350 569 1502 618 αἴτιαι
1523 574 1626 629 τοῖς
1649 573 1820 630 κακοῖς
1867 586 1889 619 ο

126 651 182 702 ἐκ
213 658 354 703 θεῶν
384 650 648 718 ἐπάγονται
678 651 762 702 καὶ
792 650 1035 716 ὠφέλειαι.
1068 656 1174 711 ταῖς
1205 650 1297 718 γὰρ
1322 651 1472 710 ἰδίαις
1497 651 1820 716 οἰκειούμενοι

125 733 214 784 διὰ
259 733 443 793 παντὸς
488 731 681 798 ἀρεταῖς
725 733 842 794 τοὺς
882 731 1086 799 ὁμοίους
1123 731 1471 799 ἀποδέχονται,
1517 740 1618 782 πᾶν
1657 732 1710 783 τὸ
1750 731 1819 798 μὴ

26 820 41 866 :1
125 823 357 866 τοιοῦτον
388 813 456 874 ὡς
486 813 741 881 ἀλλότριον
772 816 1064 880 νομίζοντες.

202 897 449 957 Συνέθιζε
491 895 543 947 δὲ
583 896 637 947 ἐν
675 902 742 965 τῷ
782 899 997 957 νομίζειν
1037 894 1191 962 μηδὲν
1230 895 1355 963 πρὸς
1395 893 1523 961 ἡμᾶς
1562 890 1690 945 εἶναι
1732 896 1818 947 τὸν

126 978 372 1028 θάνατον’
421 977 525 1028 ε’πεὶ
563 986 664 1028 πᾶν
695 978 890 1045 ἀγαθὸν
922 977 1004 1028 καὶ
1034 978 1189 1028 κακὸν
1219 978 1273 1028 ἐν
1304 978 1554 1042 αἰσθήσει·
1598 976 1817 1042 στέρησις
1843 994 1888 1027 ιο

125 1058 182 1110 δέ
212 1057 342 1110 ἐστιν
373 1060 498 1109 αἰσθ
518 1074 653 1122 ,σεως
685 1057 711 1109 6
743 1060 975 1121 θάνατος.
1016 1059 1138 1110 ὅθεν
1168 1067 1348 1125 γνῶσις
1381 1056 1511 1125 ὀρθὴ
1539 1065 1626 1107 τοῦ
1653 1056 1819 1123 μηθὲν

123 1135 253 1191 εἶναι
295 1142 418 1208 πρὸς
455 1138 586 1207 ἡμᾶς
617 1140 701 1191 τὸν
731 1142 956 1192 θάνατον
988 1140 1296 1192 ἀπολαυστὸν
1326 1145 1465 1190 ποιεῖ
1487 1140 1540 1191 τὸ
1572 1147 1658 1204 τῆς
1689 1141 1818 1205 ζωῆς

125 1222 334 1287 θνητόν,
366 1222 460 1273 οὐκ
489 1221 695 1290 ἄπειρον
725 1227 1047 1289 προστιθεῖσα
1077 1222 1272 1289 χρόνον,
1304 1220 1426 1271 ἀλλὰ
1456 1222 1541 1272 τὸν
1571 1228 1658 1286 τῆς
1685 1218 1817 1270 ἀθα-

125 1305 302 1365 νασίας
332 1303 613 1369 ἀφελομένη
644 1305 824 1354 πόθον.
865 1302 1023 1355 οὐθὲν
1053 1305 1145 1370 γάρ
1178 1303 1307 1354 ἐστιν
1338 1302 1392 1353 ἐν
1423 1308 1493 1372 τῷ
1523 1305 1611 1368 ζῆν
1647 1301 1813 1353 δεινὸν
1830 1291 1923 1386 Ῑίἕί

121 1390 193 1456 τῷ
240 1385 554 1449 κατειληφότι
596 1387 812 1453 γνησίως
856 1384 910 1436 τὸ
949 1383 1106 1451 μηδὲν
1142 1384 1378 1450 ὑπάρχειν
1417 1383 1470 1434 ἐν
1508 1386 1575 1453 τῷ
1616 1383 1683 1449 μὴ
1723 1385 1813 1448 ζῆν

124 1468 308 1518 δεινόν.
364 1468 482 1517 ὥστε
522 1468 726 1531 μάταιος
765 1465 790 1516 6
824 1466 976 1533 λέγων
1008 1465 1220 1517 δεδιέναι
1251 1467 1337 1516 τὸν
1367 1468 1591 1517 θάνατον
1622 1467 1710 1531 οὐχ
1742 1465 1814 1515 ὅτι
1839 1484 1884 1517 1⁶

123 1549 331 1612 λυπήσει
376 1549 575 1616 παρών,
621 1545 725 1598 ἀλλ’
762 1548 836 1598 ὅτι
874 1552 1024 1598 λυπεῖ
1054 1547 1253 1613 μέλλων.
1317 1546 1344 1598 ὃ
1383 1547 1474 1614 γὰρ
1517 1547 1679 1614 παρὸν
1722 1546 1815 1596 οὐκ

122 1628 332 1694 ἐνοχλεῖ,
370 1630 783 1695 προσδοκώμενον
821 1638 974 1689 κενῶς
1005 1634 1159 1680 λυπεῖ.
1208 1629 1260 1680 τὸ
1294 1628 1688 1696 φρικωδέστατον
1720 1621 1814 1678 οὖν

124 1719 225 1760 τῶν
254 1719 422 1761 κακῶν
453 1710 479 1760 6
504 1712 725 1772 θάνατος
757 1709 914 1761 οὐθὲν
944 1711 1067 1777 πρὸς
1099 1709 1255 1777 ἡμᾶς,
1286 1711 1547 1776 ἐπειδήπερ
1581 1711 1697 1761 ὅταν
1723 1708 1813 1774 μὲν

124 1789 266 1857 ἡμεῖς
298 1787 445 1859 ὦμεν,
479 1790 504 1842 6
537 1794 756 1852 θάνατος
780 1793 840 1843 οὐ
864 1794 1113 1860 πάρεστιν,
1145 1793 1262 1843 ὅταν
1287 1791 1340 1842 δὲ
1365 1791 1391 1843 6
1417 1793 1637 1852 θάνατος
1660 1799 1812 1859 παρῇ,
1836 1811 1881 1845 ιο

195 1966 219 2001 8
252 1956 515 2014 νομίζουσιν
546 1961 640 2003 ,ΩΦ
674 1961 751 2015 (cf.
785 1960 877 2005 Cic.
910 1960 983 2004 De
1013 1959 1093 2014 fin.
1126 1961 1150 2002 I
1172 1962 1241 2012 14,
1264 1961 1326 2002 47
1333 1975 1348 2001 .·
1378 1963 1526 2004 tenere
1555 1963 1689 2015 atque
1717 1971 1810 2002 ser-

118 2031 230 2063 vare
259 2019 324 2072 id,
355 2019 477 2075 quod
506 2020 599 2075 ipsi
627 2024 908 2073 statuerunt,
941 2033 1035 2063 non
1061 2021 1293 2075 possano:
1334 2025 1527 2062 νοοῦσιν
1561 2018 1634 2063 Us.
1663 2019 1670 2072 Ι
1700 2015 1751 2074 ὀχ
1785 2014 1810 2061 ὁ

119 2077 230 2127 τοὺς
265 2079 462 2128 πολλους
491 2077 569 2131 12¹,
615 2079 668 2122 in
706 2092 791 2136 my.
833 2095 887 2134 γρ
927 2078 1035 2128 τοὺς
1074 2086 1165 2121 τῶν
1204 2079 1385 2120 πολλῶν
1417 2076 1474 2119 1²²
1520 2077 1605 2133 οὐχ
1645 2073 1670 2120 6
1702 2075 1812 2127 τοὺς

119 2137 320 2187 πολλοὺς
353 2138 392 2180 Φ
481 2144 507 2179 8
537 2144 634 2188 τοῖς
663 2141 797 2186 θεοῖς
830 2139 869 2180 Φ
896 2142 903 2191 Ι
930 2135 1232 2190 προσάπτωνε
1266 2136 1434 2180 desinit
1470 2137 1507 2179 Φ
1583 2144 1606 2179 5
1640 2134 1810 2193 αἴτιαι]

119 2207 204 2239 mn.
238 2198 291 2239 00
330 2211 379 2239 τε
412 2195 473 2241 ΠΒ
509 2198 516 2252 Ι
555 2203 652 2246 τοῖς
682 2196 865 2254 κακοῖς]
905 2202 1000 2246 τοῖς
1032 2196 1304 2250 ἀνθρώποις
1336 2195 1474 2252 Leop.
1508 2198 1624 2251 (τοῖς
1657 2196 1807 2245 ἀΐόις)

177 2261 203 2296 θ
231 2252 494 2312 ἐπείγονται
517 2255 573 2298 P¹
596 2253 837 2313 ἐπίγονται-
859 2259 892 2298 Β
919 2260 926 2310 Ι
954 2253 1171 2310 ὠφέλειαι
1194 2256 1326 2312 (τοῖς
1350 2253 1586 2312 ἀγαθοῖς)
1604 2255 1807 2310 (Ambr.)

117 2311 252 2358 Ga88.
282 2319 288 2367 Ι
316 2328 381 2358 an
418 2314 468 2357 αἱ
506 2312 714 2370 μέγισται
744 2316 811 2359 vel
841 2312 1065 2371 μεγίστων
1096 2315 1280 2373 βλαβῶν
1310 2313 1461 2358 αἰτίαι
1492 2321 1588 2364 τοῖς
1619 2314 1806 2367 ἀνθρώ·

116 2387 225 2422 ποις
255 2372 305 2416 ἐκ
337 2377 387 2417 θ.
414 2374 483 2418 ἐπ.
516 2375 596 2416 καὶ
628 2373 893 2428 ὠφελειῶνῗ
925 2375 981 2427 ef.
1016 2374 1195 2418 Philod.
1244 2373 1317 2417 De
1342 2374 1451 2429 piet.
1479 2387 1526 2429 p.
1554 2376 1631 2424 86,
1655 2375 1715 2416 24
1749 2371 1805 2416 G.

121 2431 201 2476 Ua.
235 2431 369 2488 Epic.
395 2447 446 2488 p.
473 2433 662 2487 Xqu,
696 2434 909 2490 Biynone
935 2432 1036 2476 Riv.
1063 2433 1113 2476 da·
1137 2434 1230 2477 Fil.
1259 2432 1447 2476 XLIII
1465 2435 1619 2488 (1915)
1645 2435 1805 2487 5408q.
1845 2443 1849 2446 ·

192 2496 217 2533 8
248 2489 526 2549 νομίζοντες]
560 2492 986 2546 ἀποδοκιμάζοντες
1018 2492 1105 2535 Ko.
1197 2501 1222 2535 9
1254 2490 1409 2548 μηθὲν
1446 2492 1561 2536 Huc.
1646 2499 1689 2533 11
1721 2495 1804 2533 τοῦ

86 2563 200 2597 „om
232 2552 292 2591 zf
407 2559 453 2593 18
486 2551 681 2605 ἄπειρον
723 2551 935 2605 Aldobr.,
975 2551 1245 2608 Menayius:
1287 2549 1467 2603 ἄπορον
1498 2553 1562 2604 Ω,
1602 2551 1658 2604 cf.
1696 2549 1800 2594 Rae.

116 2614 226 2652 sent.
254 2608 395 2652 XIX.
424 2610 523 2654 XX
549 2615 556 2659 Ι
583 2615 665 2666 τῆς
695 2623 777 2654 om.
811 2614 871 2652 zf
951 2619 996 2653 ιτ»
1027 2610 1179 2666 μηθὲν
1207 2612 1324 2655 Hue.
1415 2618 1459 2653 ιο
1491 2611 1545 2665 cf
1578 2609 1803 2665 Epichar-

117 2679 219 2710 mus
247 2668 306 2722 fr.
324 2670 414 2712 247
445 2668 633 2722 Kaibel;
660 2669 812 2713 ‘PubL
839 2669 960 2726 18¹er
990 2671 1044 2713 M
1073 2672 1130 2712 75
1154 2670 1354 2719 Friedr.,
1379 2669 1599 2712 laudatus
1624 2682 1654 2710 a
1673 2669 1800 2711 Lact.

116 2724 228 2769 Dae'v.
260 2728 364 2771 inst.
398 2727 485 2771 ΙΙΙ
507 2731 579 2780 17,
605 2731 666 2772 32
706 2728 846 2771 ‘mors
889 2728 1058 2772 misera,
1088 2741 1178 2770 non
1212 2730 1296 2778 est,
1329 2727 1482 2771 aditus
1514 2727 1573 2769 ad
1608 2727 1803 2769 mortem

117 2791 184 2826 est
220 2785 379 2829 miser’
442 2794 484 2828 1⁷
517 2786 693 2844 παρὸν]
725 2788 887 2839 παρὼν
912 2787 1119 2829 312¹th
1177 2795 1222 2830 18
1253 2786 1305 2832 τὸ
1339 2787 1388 2830 δὲ
1414 2787 1803 2840 προσδοκώμενον

116 2843 221 2885 ἘΖί
243 2845 251 2901 Ι
277 2841 329 2888 τὸ
361 2844 756 2901 φρικωδέστατονε
790 2846 954 2901 incipit
983 2847 1130 2889 denuo
1157 2847 1195 2889 Φ
1279 2855 1324 2890 19
1357 2846 1498 2890 οὐδὲν
1522 2847 1705 2898 coru,
1734 2844 1802 2903 Q}

118 2897 234 2945 ὅταν
266 2905 381 2947 xvh:
414 2905 545 2949 Laet.
577 2905 685 2950 Div.
719 2906 823 2949 inst.
857 2905 1041 2958 11117,
1066 2907 1126 2948 30
