2032 3128
793 93 1148 138 EPICUREUM
1745 93 1812 146 61

210 239 239 283 5
279 234 385 284 Οὐκ
415 233 546 282 ἔστιν
571 231 732 297 ἡδέως
763 236 853 298 ζῆν
883 230 1003 283 ἄνευ
1036 240 1125 282 τοῦ
1161 233 1419 299 φρονίμως
1448 233 1531 282 καὶ
1558 237 1718 293 καλῶς
1740 233 1823 282 καὶ

133 316 358 375 δικαίως·
400 314 527 364 ὅπου
559 313 612 364 δὲ
643 322 786 364 τοῦτο
820 314 888 379 μὴ
919 313 1145 379 ὑπάρχει,
1176 313 1269 364 οὐκ
1298 314 1429 364 ἔστιν
1460 311 1616 379 ἡδέως
1647 315 1750 379 ζῆν.

212 399 242 445 6
283 397 388 447 Οὐκ
425 394 524 446 ἔστι
563 397 651 445 τὸν
691 396 854 461 λάθρα
896 414 942 444 τι
979 402 1248 459 ποιοῦντα,
1287 388 1359 445 ὧν
1398 393 1665 445 συνέθεντο
1702 395 1825 462 πρὸς

135 478 377 543 ἀλλήλους
405 477 476 536 είς
507 477 561 527 τὸ
594 477 661 541 μὴ
694 477 928 542 βλάπτειν
963 473 1088 541 μηδὲ
1118 477 1443 542 βλάπτεσθαι,
1476 476 1723 527 πιστεύειν
1755 476 1826 525 ὅτι

137 560 295 625 λήσει,
333 558 427 609 κᾶν
466 559 697 626 μυριάκις
735 557 815 608 ἐπὶ
853 565 941 608 τοῦ
980 557 1224 622 παρόντος
1263 558 1517 627 λανθάνῃ·
1566 556 1701 623 μέχρι
1734 557 1824 622 γὰρ
1874 574 1893 604 ι

138 647 479 706 καταστροφῆς
510 637 697 704 ἄδηλον
730 640 776 690 εἰ
806 641 957 705 λήσει.

217 725 244 770 7
280 722 567 772 Ἀδικοῦντα
596 724 774 770 λαθεῖν
806 719 896 786 μὲν
928 722 1196 778 δύσκολον,
1228 722 1392 770 πίστιν
1425 720 1477 770 δὲ
1509 721 1674 785 λαβεῖν
1706 718 1827 780 ὑπὲρ

144 812 228 854 τοῦ
258 807 433 854 λαθεῖν
466 801 731 852 ἀδύνατον.

218 888 249 934 8
269 879 323 934 Ὁ
344 892 432 949 τῆς
457 884 658 947 φύσεως
680 887 893 943 πλοῦτος
918 885 1115 950 ὥρισται
1138 883 1221 932 καὶ
1245 883 1531 949 εὐπόριστός
1556 883 1701 933 ἐστιν.
1727 881 1753 932 ὁ
1779 881 1828 932 δὲ

143 975 238 1016 τῶν
276 974 434 1015 κενῶν
474 967 633 1025 δοξῶν
666 966 735 1026 εἰς
765 964 969 1032 ἄπειρον
1001 965 1219 1015 ἐκπίπτει
1249 963 1330 1013 καὶ
1362 964 1462 1015 ἔστι
1493 963 1830 1030 δυσπόριστος.
1854 982 1897 1012 ιο

217 1052 247 1098 9
280 1047 455 1097 Κακὸν
487 1046 697 1113 ἀνάγκη,
729 1042 836 1096 ἀλλ’
864 1047 1070 1111 οὐδεμία
1100 1044 1292 1112 ἀνάγκη
1324 1047 1415 1111 ζῆν
1447 1045 1563 1110 μετὰ
1598 1045 1830 1112 ἀνάγκης.

220 1132 289 1180 10
320 1127 570 1192 Μέμνησο
612 1128 684 1178 ὅτι
723 1128 913 1194 θνητὸς
951 1126 1022 1178 ὢν
1059 1135 1116 1196 τῇ
1158 1127 1306 1191 φύσει
1346 1126 1430 1177 καὶ
1461 1126 1624 1193 λαβὼν
1655 1126 1833 1194 χρόνον

142 1209 419 1276 ὡρισμένον
466 1208 650 1275 ἀνέβης
697 1215 798 1270 τοῖς
843 1209 954 1276 περὶ
1000 1210 1195 1274 φύσεως
1242 1209 1576 1275 διαλογισμοῖς
1622 1208 1701 1258 ἐπὶ
1742 1210 1833 1272 τὴν

141 1291 371 1358 ἀπειρίαν
402 1291 484 1341 καὶ
516 1290 601 1341 τὸν
633 1292 793 1341 αἰῶνα
823 1290 907 1341 καὶ
937 1290 1152 1350 κατεῖδες

432 1374 489 1422 τά
520 1367 565 1422 τ’
594 1372 739 1423 ε’όντα
770 1373 828 1422 τά
859 1367 901 1421 τ’
930 1372 1165 1438 ἐσσόμενα
1195 1373 1290 1435 πρό
1321 1367 1365 1421 τ’
1394 1372 1548 1423 ἐόντα.
1861 1389 1900 1419 ιε

226 1461 286 1504 11
330 1459 438 1504 Τῶν
476 1456 715 1505 πλείστων
753 1453 1037 1520 ἀνθρώπων
1076 1453 1129 1502 τὸ
1161 1451 1249 1518 μὲν
1282 1451 1527 1519 ἡσυχάζον
1559 1459 1742 1522 ναρκᾷ,
1782 1454 1833 1502 τὸ

148 1535 202 1586 δὲ
232 1538 531 1601 κινούμενον
563 1539 722 1606 λυττᾴ.

226 1620 291 1666 12
327 1612 385 1667 ‘O
423 1618 615 1676 δίκαιος
653 1619 762 1683 βίος
800 1617 1208 1682 ἀταρακτότατος,
1252 1616 1277 1665 ὁ
1318 1616 1371 1667 δὲ
1409 1616 1579 1676 ἄδικος
1612 1618 1835 1679 πλείστης

147 1707 354 1765 ταραχῆς
382 1697 557 1764 γέμων.

227 1783 291 1829 13
316 1769 412 1829 Ὧν
447 1779 478 1843 ἡ
511 1782 666 1844 σοφία
695 1781 1108 1846 παρασκευάζεται
1140 1781 1209 1839 εἰς
1241 1779 1331 1843 τὴν
1355 1788 1443 1829 τοῦ
1469 1781 1584 1830 ὅλου
1606 1781 1722 1844 βίου
1747 1801 1834 1843 μα·
1862 1793 1905 1824 2⁰

146 1861 425 1927 καριότητα,
456 1860 584 1911 πολὺ
618 1859 844 1928 μέγιστόν
874 1861 1003 1911 ἐστιν
1034 1858 1066 1925 ἡ
1100 1868 1185 1925 τῆς
1217 1862 1386 1924 φιλίας
1419 1870 1598 1927 κτῆσις.

227 1946 293 1991 14
326 1943 606 2009 Γεγόναμεν
638 1943 794 2008 ἅπαξ,
823 1942 903 2004 δὶς
934 1940 987 1992 δὲ
1018 1942 1110 1992 οὐκ
1139 1941 1238 1991 ἔστι
1268 1941 1522 2008 γενέσθαι’
1565 1943 1643 1992 δεῖ
1669 1942 1721 1993 δὲ
1752 1943 1839 1992 τὸν

150 2025 308 2074 αἰῶνα
339 2021 508 2087 μηκέτι
538 2019 687 2073 εἶναι·
729 2024 790 2074 σὺ
823 2022 877 2074 δὲ
907 2024 1002 2074 οὐκ
1032 2020 1103 2072 ὢν
1134 2030 1220 2088 τῆς
1251 2021 1430 2087 αὔριον
1454 2021 1695 2090 (κύριος)
1717 2023 1835 2073 ἀνα-

151 2106 305 2174 βάλλῃ
337 2105 424 2154 τὸν
454 2104 649 2171 καιρόν·
693 2104 718 2155 ὁ
751 2103 805 2156 δὲ
837 2106 945 2171 βίος
978 2108 1231 2173 μελλησμῷ
1256 2105 1625 2168 παραπόλλυται
1657 2104 1737 2154 καὶ
1768 2100 1838 2164 εἷς

150 2185 351 2245 ἕκαστος
381 2183 524 2250 ἡμῶν
554 2184 914 2251 ἀσχολούμενος
945 2183 1269 2255 ἀποθνῄσκει.
1860 2200 1900 2230 25

231 2368 248 2401 1
272 2380 327 2396 =
353 2359 472 2403 Sem.
503 2357 543 2399 V
600 2367 622 2399 2².
649 2380 703 2395 2-
729 2359 850 2404 Sent-
871 2359 1072 2404 XXXV
1131 2367 1150 2399 2
1185 2380 1230 2386 -
1258 2361 1318 2413 fr.
1345 2362 1437 2403 532
1495 2368 1594 2401 9-
1614 2358 1837 2416 Porphyr.

156 2418 229 2463 Dc
257 2418 370 2462 abst.
404 2418 734 2473 149p.123,
761 2422 815 2462 11
849 2419 931 2463 N’
976 2424 1015 2463 et
1062 2417 1125 2462 ad
1163 2419 1316 2462 Marc.
1347 2421 1411 2462 27
1441 2432 1493 2475 p.
1516 2421 1627 2471 291,
1651 2420 1711 2460 1⁷
1743 2417 1840 2470 N’,
1860 2435 1874 2441 »ν

156 2477 275 2523 Seni.
302 2476 401 2521 XV
459 2484 505 2518 1⁰
528 2491 633 2519 κοιτ
635 2483 701 2519 ῶν
725 2453 826 2520 ’Vat.
890 2486 932 2520 11
959 2499 1013 2515 =
1037 2478 1097 2531 fr
1122 2478 1215 2519 487
1276 2484 1321 2519 18
1343 2499 1398 2514 =
1424 2476 1680 2522 Metrodori
1702 2476 1761 2528 fr.
1779 2479 1839 2519 37

161 2536 324 2581 Koorte
363 2537 371 2592 1
412 2535 560 2592 λαχὼν
598 2536 680 2580 Go.
821 2544 867 2579 15
901 2536 1035 2581 Hom.
1069 2537 1125 2580 11.
1158 2536 1203 2579 A
1228 2539 1291 2580 70
1330 2542 1338 2591 Ι
1379 2533 1575 2592 ἐσόμενα
1619 2535 1718 2579 Vat.

158 2603 202 2638 18
226 2617 282 2632 =
306 2594 426 2640 δοκι.
460 2593 621 2638 XVII
673 2602 722 2636 2⁰
747 2616 799 2622 -
829 2594 950 2639 Sent.
978 2594 1188 2639 XXVII
1303 2603 1349 2637 21
1380 2594 1540 2650 φιλίας
1570 2594 1634 2637 D.
1659 2594 1838 2639 Laerta

157 2653 328 2710 σοφίας
352 2654 450 2698 Vat.
571 2661 617 2695 28
647 2674 702 2690 π
719 2654 779 2707 fr.
813 2657 926 2707 204,
956 2654 1059 2700 δικ.
1091 2653 1183 2709 Ep
1217 2654 1247 2696 1
1269 2658 1295 2697 1
1304 2667 1367 2709 sq
1399 2655 1457 2709 cf.
1494 2653 1842 2705 Mutschmann,

160 2714 350 2758 Hermes
380 2713 424 2757 L
455 2714 604 2768 (1915)
638 2715 727 2756 333
758 2712 1039 2769 ἐγεγόνειμεν
1072 2713 1171 2756 Vat.
1279 2719 1439 2769 88th
1468 2712 1635 2766 αὔριον
1667 2712 1753 2756 οὐκ
1776 2710 1842 2758 ὥν

158 2771 377 2817 Stobaeus
397 2772 491 2815 III
506 2774 581 2826 16,
603 2770 780 2827 29H.1
807 2771 967 2826 κύριος
990 2772 1131 2818 δίοὸ.ε
1165 2784 1248 2815 om.
1279 2771 1380 2815 Vat.
1485 2767 1645 2815 urar
1675 2770 1842 2826 καιρόν

160 2829 302 2874 Stob.:
332 2830 386 2875 τὸ
418 2837 582 2888 χαῖρον
614 2830 715 2875 Vat.
742 2831 751 2886 Ι
778 2827 844 2880 εἷς
882 2830 998 2875 ναις
1031 2845 1114 2875 om.
1151 2830 1285 2884 Leop.
1321 2828 1403 2873 διὰ
1434 2837 1568 2873 τοῦτο
1601 2829 1722 2874 Stob.
1750 2831 1757 2884 Ι
1784 2832 1840 2883 cs.

165 2888 365 2939 Norden,
401 2890 543 2934 Bresl.
575 2889 682 2944 phil.
722 2888 831 2931 Abh.
871 2889 946 2931 ῙΧ
969 2893 1011 2943 3,
1039 2892 1109 2939 17,
1142 2894 1160 2932 1
