2032 3128
258 99 326 151 28
768 97 1007 142 EPICURI
1038 99 1332 146 EPISTULA
1363 102 1404 145 11
1763 106 1938 147 85—87

255 237 464 303 ἐσόμενα
502 239 714 306 χρήσιμα
757 237 814 288 τὰ
857 238 1206 304 διαλογίσματα
1249 247 1424 302 ταῦτα,
1473 239 1556 288 καὶ
1600 240 1804 304 μάλιστα
1842 248 1945 303 τοῖς

255 320 426 369 νεωστὶ
459 321 782 386 φυσιολογίας
811 321 1020 386 γνησίου
1051 320 1338 386 γευομένοις
1368 319 1451 371 καὶ
1482 327 1583 381 τοῖς
1614 323 1683 382 εἰς
1717 321 1946 389 ἀσχολίας

254 400 534 468 βαθυτέρας
579 410 678 452 τῶν
724 403 994 469 ἐγκυκλίων
1034 403 1167 462 τινὸς
1205 401 1627 470 ἐμπεπλεγμένοις.
1682 408 1841 464 καλῶς
1878 406 1940 469 δὴ

252 482 375 532 αὐτὰ
415 485 640 548 διάλαβε,
684 483 771 532 καὶ
811 483 892 533 διὰ
933 483 1132 549 μνήμης
1172 483 1295 549 ἔχων
1335 482 1481 545 ὀξέως
1520 485 1646 535 αὐτὰ
1687 487 1939 550 περιόδευε
1996 465 2003 480 1

209 582 226 612 5
253 564 368 628 μετὰ
411 573 509 614 τῶν
551 570 737 614 λοιπῶν
781 558 851 614 ὧν
891 564 944 614 έν
983 573 1041 634 τῇ
1084 570 1234 634 μικρᾷ
1273 564 1476 635 ἐπιτομῇ
1517 567 1640 629 πρὸς
1673 561 1941 631 Ἡρόδοτον

251 644 607 711 ἀπεστείλαμεν.

141 747 164 778 P
194 739 234 772 36
328 730 537 791 Πρῶτον
576 727 665 793 μὲν
706 724 798 779 οὖν
837 730 905 794 μὴ
945 727 1061 778 ἄλλο
1100 748 1146 776 τι
1182 728 1314 788 τέλος
1345 728 1397 777 ἐκ
1429 735 1513 790 τῆς
1544 728 1654 792 περὶ
1686 728 1940 795 μετεώρων

250 809 477 872 γνώσεως
500 810 593 858 εἴτε
615 810 739 858 κατὰ
763 809 999 872 συναφὴν
1023 807 1298 874 λεγομένων
1323 809 1413 857 εἴτε
1436 809 1703 869 αὐτοτελῶς
1725 811 1943 874 νομίζειν

248 886 400 954 (δεῖ)
431 885 556 939 εἶναι
587 889 711 957 ἢπερ
743 889 1010 956 ἀταραξίαν
1042 888 1125 939 καὶ
1157 890 1322 939 πίστιν
1353 889 1574 955 βέβαιον,
1604 891 1833 957 καθάπερ
1857 891 1940 942 καὶ

160 979 223 1023 86
248 969 334 1041 ἐπὶ,
359 980 456 1021 τῶν
488 976 690 1038 λοιπῶν,
722 970 876 1037 <καὶ>
899 972 1017 1036 μήτε
1043 972 1095 1021 τὸ
1120 970 1369 1021 ἀδύνατον
1395 968 1522 1038 [καὶ]
1547 974 1940 1040 παραβιάζεσθαι

182 1079 222 1110 11
250 1052 367 1116 μήτε
400 1052 575 1118 ὁμοίαν
606 1053 727 1102 κατὰ
760 1055 920 1103 πάντα
951 1053 1043 1117 τὴν
1073 1055 1295 1119 θεωρίαν
1327 1053 1452 1118 ἔχειν
1483 1053 1515 1119 ἢ
1547 1059 1647 1113 τοῖς
1679 1054 1789 1117 περὶ
1811 1056 1936 1120 βίων

249 1135 412 1200 λόγοις
453 1134 485 1201 ἢ
529 1141 631 1195 τοῖς
672 1135 794 1185 κατὰ
837 1135 928 1200 τὴν
966 1143 1064 1185 τῶν
1108 1133 1268 1185 ἄλλων
1309 1143 1538 1200 φυσικῶν
1576 1137 1938 1201 προβλημάτων

248 1217 521 1283 κάθαρσιν,
561 1213 669 1268 οἷον
703 1218 773 1268 ὅτι
807 1219 861 1268 τὸ
893 1227 993 1267 πᾶν
1026 1225 1166 1282 σῶμα
1196 1216 1278 1266 καὶ
1312 1216 1513 1281 ἀναφὴς
1544 1218 1695 1280 φύσις
1726 1217 1875 1282 ἐστίν,
1904 1217 1939 1282 ἢ

248 1297 320 1347 ὅτι
358 1297 515 1363 ἄτομα
554 1305 762 1365 στοιχεῖα
801 1299 884 1350 καὶ
922 1300 1081 1348 πάντα
1120 1299 1180 1347 τὰ
1209 1307 1436 1361 τοιαῦτα,
1476 1295 1554 1363 [ἢ]
1591 1298 1683 1347 ὅσα
1714 1298 1936 1363 μοναχὴν

183 1404 222 1436 15
246 1378 338 1445 ἔχει
380 1385 483 1440 τοῖς
525 1380 847 1444 φαινομένοις
890 1381 1211 1444 συμφωνίαν·
1267 1379 1384 1444 ’ὅπερ
1428 1377 1508 1428 ἐπὶ
1546 1386 1645 1428 τῶν
1685 1379 1938 1444 μετεώρων

246 1459 335 1526 οὐχ
366 1459 595 1528 ὑπάρχει,
626 1460 747 1511 ἀλλὰ
777 1462 929 1511 ταῦτά
959 1480 1012 1526 γε
1043 1454 1319 1526 πλεοναχὴν
1349 1460 1444 1526 ἔχει
1474 1458 1557 1510 καὶ
1587 1467 1674 1525 τῆς
1704 1458 1937 1525 γενέσεως

245 1542 408 1591 αἰτίαν
439 1542 521 1592 καὶ
552 1550 640 1608 τῆς
679 1542 852 1603 οὐσίας
883 1548 987 1602 ταῖς
1018 1541 1282 1605 αἰσθήσεσι
1315 1542 1590 1607 σύμφωνον
1620 1542 1933 1608 κατηγορίαν.

245 1624 305 1674 οὐ
344 1624 435 1692 γὰρ
475 1625 597 1675 κατὰ
635 1624 886 1689 ἀξιώματα
923 1623 1042 1674 κενὰ
1082 1622 1165 1673 καὶ
1195 1624 1498 1688 νομοθεσίας
1529 1621 1933 1688 φυσιολογητέον,

156 1713 215 1756 87
244 1702 349 1756 ἀλλ’
378 1705 445 1766 ὡς
476 1707 534 1756 τὰ
566 1707 844 1771 φαινόμενα
871 1706 1161 1757 ἐκκαλεῖται
1194 1705 1254 1756 ού
1277 1704 1371 1773 γὰρ
1396 1706 1662 1772 ι’διολογίας
1685 1703 1767 1754 καὶ
1790 1711 1937 1770 κενῆς

179 1813 221 1844 20
248 1786 448 1853 δόξης
427 1808 452 1838 ο
463 1789 617 1889 Ἷῗβίος
625 1787 767 1854 ἡμῶν
799 1788 892 1855 ε’χει
915 1789 1096 1855 χρείαν,
1127 1786 1248 1837 ἀλλὰ
1270 1795 1358 1838 τοῦ
1384 1787 1652 1853 ἀθορύβως
1675 1783 1806 1851 ημᾶς
1830 1787 1935 1850 ζῆν.

244 1869 404 1919 πάντα
437 1866 526 1935 μὲν
558 1864 651 1920 ουν
682 1871 867 1937 γίνεται
898 1869 1128 1929 ἀσείστως
1152 1868 1275 1918 κατὰ
1297 1869 1498 1918 πάντων
1521 1867 1644 1918 κατὰ
1666 1866 1936 1933 πλεοναχὸν

244 1950 427 2013 τρόπον
469 1951 908 2019 ἐκκαθαιρομένων
951 1952 1234 2016 συμφώνως
1275 1955 1378 2010 τοῖς
1422 1947 1768 2014 φαινομένοις,
1815 1948 1932 1999 όταν

244 2053 317 2092 τις
348 2033 401 2083 τὸ
432 2034 927 2100 πιθανολογούμενον
949 2030 1073 2097 ὑπὲρ
1098 2031 1262 2082 αὐτῶν
1287 2030 1498 2091 δεόντως
1520 2032 1782 2100 καταλίπῃ·
1816 2029 1934 2079 ὅταν

245 2114 298 2163 δέ
336 2135 407 2174 τις
444 2115 498 2165 τὸ
539 2113 628 2178 μὲν
668 2114 910 2185 ἀπολίπῃ,
949 2113 1002 2163 τὸ
1042 2111 1095 2164 δὲ
1133 2113 1314 2182 ἐκβάλῃ
1356 2111 1538 2178 ὁμοίως
1570 2112 1842 2177 σύμφωνον
1872 2110 1931 2161 ὃν

179 2218 220 2251 25
244 2202 310 2266 τῷ
340 2195 643 2265 φαινομένῳ,
675 2196 829 2261 δῆλον
860 2196 932 2246 ὅτι
962 2191 1048 2244 καὶ
1079 2194 1133 2244 ἐκ
1163 2194 1347 2254 παντὸς
1377 2194 1595 2245 ἐκπίπτει
1632 2194 1929 2260 φυσιολογή-

133 2299 167 2329 ν.
186 2292 228 2324 37
247 2296 414 2342 ματος,
445 2276 524 2326 ἐπὶ
557 2275 609 2326 δὲ
640 2276 727 2327 τὸν
758 2281 929 2341 μῦθον
958 2280 1200 2344 καταρρεῖ.
1240 2280 1417 2341 σημεῖα
1449 2271 1495 2326 δ’
1524 2274 1603 2325 ε’πὶ
1625 2282 1724 2324 τῶν
1751 2274 1806 2324 ἔν
1829 2279 1931 2333 τοῖς

315 2399 335 2433 1
366 2391 482 2449 τοῖς]
514 2398 595 2447 τῆς
625 2392 681 2432 F¹
711 2392 851 2449 τ[οῖ]ς
880 2404 972 2435 ras.
1004 2390 1073 2434 ‘m'
1094 2394 1128 2432 B
1188 2398 1211 2432 2
1242 2388 1535 2446 γεγευμένοις
1564 2392 1641 2444 (0ae
1670 2388 1834 2444 ·μένης
1856 2387 1928 2442 1²)

242 2451 375 2506 rzfl
402 2451 517 2493 καὶ.
582 2458 640 2492 ,3
673 2450 859 2505 ἐμπεπλ.
886 2463 969 2493 om.
995 2449 1133 2502 F¹zf‚
1159 2450 1309 2505 suppl.
1334 2450 1387 2492 in
1409 2462 1495 2505 my.
1522 2447 1580 2489 Ε*
1640 2456 1663 2489 2
1687 2454 1785 2496 τοῖς
1808 2448 1927 2497 als?

241 2513 324 2563 τῆς
355 2509 420 2559 εἰς
450 2512 484 2551 Β
514 2515 612 2560 τοῖς
643 2512 696 2550 co
734 2513 818 2563 τῆς
847 2510 905 2550 1²
1026 2516 1045 2549 ‘1
1079 2508 1127 2552 ἐκ
1171 2508 1244 2552 Us.
1275 2513 1545 2563 suspectum
1577 2503 1701 2556 εἰκὸς
1733 2506 1822 2550 Κο.

242 2574 267 2609 ο
300 2569 375 2610 δεῖ
404 2567 559 2620 Gass.,
599 2572 647 2611 at
683 2567 740 2621 cf.
771 2581 817 2623 p.
844 2571 894 2622 5,
921 2572 946 2611 1
1073 2574 1121 2610 10
1153 2566 1306 2625 (καὶ)
1345 2567 1433 2610 huc
1470 2565 1812 2621 transp.Ko.1
1846 2564 1924 2608 καὶ

243 2626 426 2671 BP²coz
458 2640 540 2671 om.
576 2626 744 2670 FP³zf
830 2634 876 2669 18
909 2627 1095 2682 σώματα
1135 2625 1350 2670 Us.14
1380 2625 1439 2668 τὰ
1471 2631 1673 2680 στοιχεῖα
1704 2624 1836 2669 Sclm.
1865 2619 1922 2676 1*
1898 2639 1927 2677 η

244 2685 327 2728 del.
360 2685 492 2730 Schn.
613 2694 659 2728 16
690 2685 918 2742 ὑπάρχειν
949 2687 1014 2739 Ω,
1045 2698 1160 2730 corr.
1196 2684 1329 2729 Gass
1450 2692 1496 2725 19
1529 2682 1785 2739 ἰδιολογίας
1816 2683 1924 2728 Sta:

245 2742 506 2800 ἰδιαλογίας
536 2744 700 2788 BP¹co
733 2743 822 2800 ἤδη
856 2743 1048 2800 ἀλογίας
1077 2743 1245 2786 FP'Zf
1331 2750 1374 2785 21
1407 2739 1493 2786 οὖν
1524 2745 1619 2784 Pco
1653 2743 1708 2786 οὐ
1740 2745 1884 2784 Brzf
1915 2738 1922 2796 Ι

242 2802 364 2845 κατὰ
406 2805 542 2859 prius
587 2804 670 2847 del.
714 2803 868 2848 C'the‘n
917 2802 998 2846 καὶ
1045 2803 1118 2847 Us
1159 2805 1259 2859 (τοῦ
1303 2801 1554 2858 ἀθορύβως
1592 2801 1670 2844 καὶ
1711 2799 1926 2850 ἀσείστως

243 2861 363 2916 ἡμᾶς
394 2863 496 2919 ζῆν·
529 2868 675 2905 ταῦτα
707 2879 791 2918 μεν
823 2859 909 2906 οὖν
938 2860 1117 2918 γίνεται
1148 2860 1340 2905 πάντων
1366 2863 1459 2903 κτλ.
1486 2860 1640 2916 Leop.)
1702 2868 1751 2902 26
1783 2857 1827 2903 δ’
1852 2859 1926 2903 ἐπὶ

339 2920 435 2965 :di
464 2937 505 2964 τι
540 2922 635 2964 31²¹
646 2926 698 2963 co
732 2921 784 2966 δέ
814 2938 917 2964 τινα
949 2921 1117 2962 FP³Zf
