2032 3128
272 105 343 157 36
800 102 1040 147 EPICURI
1072 103 1364 147 EPISTULA
1395 103 1436 146 11
1725 104 1968 146 101--1032

271 244 354 294 καὶ
395 245 764 301 διεκπίπτοντος
804 242 885 292 διὰ
924 251 1022 292 τῶν
1061 250 1250 307 νεφῶν·
1299 240 1331 306 ἢ
1371 240 1493 290 κατὰ
1534 242 1774 306 διήθησιν
1808 239 1967 306 <διά>

271 333 369 374 τῶν
399 333 569 388 νεφῶν
600 332 688 374 τοῦ
718 325 1154 389 λεπτομερεστάτου
1188 324 1350 388 φωτὸς
1375 326 1421 384 (ἢ
1447 324 1540 368 ἀπὸ
1563 333 1645 369 τοῦ
1669 330 1817 382 πυρὸς
1841 324 1960 382 νέφη

272 409 568 466 συνειλέχθαι
600 409 681 452 καὶ
711 406 796 457 τὰς
826 407 1026 465 βροντὰς
1057 409 1407 459 ἀποτελεῖσθαι)
1445 403 1528 455 καὶ
1566 407 1687 457 κατὰ
1727 410 1818 474 τὴν
1847 413 1960 462 τού-
1998 469 2003 480 y

226 510 249 538 4
271 508 358 539 του
404 497 626 554 κίνησιν·
682 487 765 537 καὶ
809 486 931 536 κατὰ
969 487 1061 551 τὴν
1106 496 1194 538 τοῦ
1239 488 1515 554 πνεύματος
1553 488 1831 556 ἐκπύρωσιν
1868 493 1963 557 τὴν

159 622 192 650 p·
210 613 253 645 46
271 570 539 637 γινομένην
580 571 662 619 διά
692 589 742 619 τε
773 570 1038 618 συντονίαν
1070 578 1230 636 φορᾶς
1262 570 1344 619 καὶ
1377 570 1457 619 διὰ
1489 570 1715 635 σφοδρὰν
1745 575 1966 638 κατείλη·

147 661 242 705 102
271 667 368 702 σιν·
403 652 487 702 καὶ
517 652 639 707 κατὰ
671 652 833 719 ῥήξεις
864 649 917 700 δὲ
947 658 1116 714 νεφῶν
1145 650 1243 702 ὑπὸ
1274 652 1568 716 πνευμάτων
1599 649 1751 717 <καὶ>
1782 654 1960 705 ἔκπτω-

272 750 351 783 σιν
389 742 487 783 τῶν
525 733 682 800 πυρὸς
721 733 1100 783 ἀποτελεστικῶν
1131 731 1326 797 ἀτόμων
1368 733 1451 783 καὶ
1490 733 1542 784 τὸ
1584 741 1669 798 τῆς
1708 733 1959 802 ἀστραπῆς

271 816 535 880 φάντασμα
581 813 951 864 ἀποτελουσῶν·
1008 813 1090 862 καὶ
1134 808 1241 861 κατ’
1284 811 1462 873 ἄλλους
1509 814 1560 864 δὲ
1606 817 1804 875 πλείους
1849 818 1957 884 τρό-

271 915 398 955 πους
442 897 625 964 ῥαδίως
670 895 803 945 ἔσται
845 896 1077 960 καθορᾶν
1116 893 1347 958 ἐχόμενον
1389 893 1463 944 ἀεὶ
1502 904 1599 945 τῶν
1640 897 1958 961 φαινομένων

203 996 247 1028 10
270 977 353 1027 καὶ
393 977 445 1028 τὸ
485 978 677 1036 τούτοις
716 977 889 1041 ὅμοιον
928 975 1210 1039 δυνάμενον
1249 980 1568 1040 συνθεωρεῖν.
1623 980 1869 1045 Προτερεῐ
1904 980 1957 1030 δὲ

270 1059 494 1124 ἀστραπὴ
526 1061 739 1125 βροντῆς
773 1057 825 1108 ἐν
856 1057 1023 1127 τοιᾷδέ
1052 1077 1149 1106 τινι
1178 1057 1453 1124 περιστάσει
1483 1068 1652 1122 νεφῶν
1682 1059 1764 1110 καὶ
1789 1060 1871 1109 διὰ
1901 1062 1962 1112 τὸ

269 1141 369 1203 ἅμα
407 1145 473 1210 τῷ
505 1141 559 1190 τὸ
590 1149 785 1204 πνεῦμα
817 1140 1071 1204 ἐμπίπτειν
1101 1138 1403 1198 ἐξωθεῖσθαι
1433 1138 1519 1189 τὸν
1550 1138 1800 1208 ἀστραπῆς
1832 1140 1956 1192 ἀπο-

269 1221 536 1271 τελεστικὸν
580 1221 938 1287 σχηματισμόν,
977 1221 1181 1286 ’ὕστερον
1214 1217 1265 1268 δὲ
1295 1219 1350 1269 τὸ
1380 1227 1577 1283 πνεῦμα
1605 1220 1956 1287 ἀνειλούμενον

269 1302 354 1353 τὸν
392 1302 583 1368 βόμβον
621 1301 873 1352 ἀποτελεῖν
910 1311 1106 1352 τοῦτον·
1154 1300 1238 1350 καὶ
1278 1296 1385 1351 κατ’
1415 1301 1660 1365 ἔμπτωσιν
1699 1303 1752 1355 δὲ
1792 1305 1956 1370 ἀμφο-

202 1402 247 1434 15
269 1382 420 1450 τέρων
458 1384 582 1448 ἅμα,
617 1389 684 1452 τῷ
716 1385 844 1449 τάχει
877 1382 1218 1452 συντονωτέρῳ
1248 1387 1520 1449 κεχρῆσθαι
1550 1383 1673 1448 πρὸς
1703 1383 1834 1450 ’ἡμᾶς
1862 1387 1957 1451 τὴν

147 1473 240 1517 103
268 1464 546 1530 ἀστραπήν,
584 1464 801 1530 ὑστερεῖν
842 1463 894 1514 δὲ
932 1465 1023 1529 τὴν
1061 1455 1302 1533 βροντήν,
1341 1464 1566 1529 καθάπερ
1606 1459 1682 1514 ἐπ’
1719 1465 1866 1517 ἐνίων
1904 1467 1959 1528 ἐξ

268 1546 608 1611 ἀποστήματος
640 1545 1004 1612 θεωρουμένων
1035 1546 1119 1597 καὶ
1148 1547 1338 1612 πληγάς
1369 1565 1505 1605 τινας
1535 1545 1862 1609 ποιουμένων.

341 1628 632 1694 Κεραυνοὺς
655 1627 894 1693 ἐνδέχεται
917 1629 1146 1694 γίνεσθαι
1167 1628 1251 1678 καὶ
1274 1627 1396 1677 κατὰ
1411 1627 1641 1685 πλείονας
1657 1629 1955 1691 πνευμάτων

269 1709 506 1775 συλλογὰς
536 1708 619 1759 καὶ
646 1711 924 1774 κατείλησιν
948 1710 1151 1775 ἰσχυράν
1177 1729 1222 1759 τε
1246 1709 1524 1774 ἐκπύρωσιν
1546 1706 1630 1756 καὶ
1655 1709 1959 1774 κατάρρηξιν

202 1810 245 1840 20
269 1788 446 1855 μέρους
475 1790 558 1840 καὶ
580 1790 821 1841 ἔκπτωσιν
846 1791 1158 1858 ἰσχυροτέραν
1181 1791 1335 1840 αὐτοῦ
1358 1789 1437 1839 ἐπὶ
1459 1789 1575 1848 τοὺς
1597 1789 1726 1838 κάτω
1751 1789 1953 1855 τόπους,

267 1879 354 1935 τῆς
392 1871 575 1936 ῥήξεως
612 1871 876 1937 γινομένης
916 1873 998 1923 διὰ
1031 1873 1085 1924 τὸ
1117 1873 1232 1931 τοὺς
1264 1871 1378 1936 ἑξῆς
1407 1869 1590 1928 τόπους
1620 1869 1954 1936 πυκνοτέρους

267 1948 394 2002 εἶναι
434 1951 516 2001 διὰ
553 1954 754 2017 πίλησιν
793 1962 983 2018 νεφῶν·
1030 1953 1113 2003 καὶ
1146 1949 1252 2003 κατ’
1282 1951 1439 2015 αὐτὴν
1470 1950 1523 2001 δὲ
1553 1951 1644 2015 τὴν
1675 1959 1762 2000 τοῦ
1793 1953 1951 2020 πυρὸς

268 2033 505 2083 ἔκπτωσιν
536 2032 905 2098 ἀνειλουμένου,
935 2035 1071 2085 καθὰ
1099 2035 1181 2085 καὶ
1205 2033 1420 2100 βροντὴν
1444 2031 1682 2098 ἐνδέχεται
1705 2034 1953 2099 γίνεσθαι,

158 2144 194 2172 p.
211 2136 254 2166 4⁷
273 2115 495 2173 πλείονος
525 2115 793 2180 γενομένου
824 2115 905 2164 καὶ
937 2115 1374 2181 πνευματωθέντος
1407 2113 1716 2179 ἰσχυρότερον
1748 2114 1829 2164 καὶ
1858 2116 1948 2182 ῥή-

341 2266 362 2300 l
393 2255 438 2314 ἢ]
471 2257 584 2300 noel?
612 2258 618 2312 Ι
646 2255 727 2300 διὰ
758 2258 864 2301 add.
890 2258 1025 2302 Sch‘n.
1088 2267 1111 2301 2
1142 2259 1254 2314 ἀπὸ]
1286 2256 1379 2300 ὑπὸ
1402 2257 1515 2300 Mei.
1577 2264 1601 2298 8
1633 2257 1949 2315 συνεφλέχθαι

277 2317 367 2371 Πε.,
397 2319 478 2373 qui
508 2317 873 2361 additamentum
897 2317 979 2371 (ad
1009 2319 1043 2375 ᾗ·
1067 2322 1177 2362 100.-
1209 2319 1266 2371 οῖ’.
1296 2317 1405 2361 Giu.
1430 2316 1512 2359 IV
1529 2318 1638 2370 193)
1671 2318 1911 2361 adnotavit
1937 2317 1943 2375 Ι

267 2375 388 2418 κατὰ
418 2377 501 2421 del.
537 2376 608 2421 Us.
643 2376 701 2429 cf'.
732 2390 777 2433 p.
803 2379 877 2429 42,
898 2378 958 2420 21
1050 2386 1073 2419 4
1104 2384 1187 2420 τοῦ
1219 2391 1302 2421 om.
1336 2377 1439 2417 sz
1524 2383 1549 2416 6
1579 2375 1659 2418 καὶ
1690 2378 1777 2420 ins.
1813 2375 1946 2420 Gass.

351 2442 370 2475 τ
402 2436 510 2491 τῶν]
542 2451 590 2478 τε
630 2435 704 2480 Us.
826 2442 849 2478 8
881 2434 1181 2480 ἀπολλουσῶν
1211 2435 1371 2478 BP¹co
1409 2435 1416 2490 Ι
1454 2433 1559 2477 κατ’
1595 2434 1677 2479 del.
1714 2436 1825 2479 Mei.

267 2502 291 2534 9
323 2493 395 2537 ἀεὶ
438 2494 534 2538 U8.:
575 2495 658 2538 καὶ
688 2497 732 2538 Ω
851 2502 894 2536 11
923 2500 1006 2550 τῆς
1043 2496 1241 2553 βροντῆς
1271 2498 1304 2537 Β
1331 2496 1338 2544 Ι
1365 2491 1448 2536 διὰ
1485 2493 1537 2536 τὸ
1571 2492 1686 2552 ἅμα]
1719 2491 1947 2547 διατόλμα

268 2552 390 2594 ἙΙΖΐ
531 2561 577 2595 14
608 2553 930 2609 κατέμπτωσιν
969 2556 1002 2595 Β
1043 2557 1178 2608 (corr.
1218 2553 1488 2607 sambucus)
1536 2552 1861 2609 κατέμπρωσιν
1890 2551 1946 2593 1³¹

266 2607 376 2654 κατ’
404 2610 635 2666 ἔμπρωσιν
664 2611 826 2657 1²²0<OE
872 2610 1183 2668 κατέμπροσιν
1215 2616 1275 2654 Zf
1398 2618 1443 2653 18
1475 2625 1538 2655 an
1568 2610 1828 2656 πλειόνωνῖ

267 2679 312 2712 19
343 2668 463 2713 κατὰ
503 2666 634 2725 ῥῆξιν
667 2671 826 2714 BP¹co
864 2672 942 2714 sed
978 2685 1131 2717 versus
1164 2675 1220 2716 18
1317 2673 1379 2713 22
1415 2684 1509 2714 non
1548 2671 1602 2716 de
1633 2671 1809 2714 duobus
1837 2673 1946 2712 swnt

266 2729 410 2773 modis
438 2728 749 2784 fulminandi,
788 2731 868 2786 qui
904 2731 1073 2786 impetu
1111 2730 1268 2787 (ἰσχύι)
1307 2734 1485 2773 tantum
1522 2745 1552 2773 a
1581 2731 1759 2774 ratione
1788 2728 1942 2783 fulqu-

265 2788 463 2832 rationis
493 2787 693 2842 distant;
723 2789 780 2842 cf.
814 2789 934 2832 enim
951 2803 999 2845 p.
1024 2792 1100 2843 42,
1123 2793 1284 2844 228qq.
1375 2796 1422 2831 22
1453 2796 1547 2832 τῶν
1571 2795 1728 2843 νεφῶν
1752 2785 1940 2844 FP³zf1

266 2844 369 2888 κατ’
400 2846 548 2902 αὐτὴν
587 2846 680 2890 Us.:
715 2846 836 2891 κατὰ
865 2847 1042 2904 ταύτην
1072 2850 1116 2892 Ω
1146 2846 1266 2892 κατὰ
1295 2847 1470 2903 ταύτην
1502 2847 1554 2892 δὲ
1585 2846 1670 2902 τὴν
1703 2845 1828 2890 ἔκπτ.
1859 2852 1951 2888 τοῦ»

266 2904 413 2959 πυρὸς
444 2906 614 2950 Kuehn
705 2913 755 2948 2³
785 2905 1004 2963 γίνεσθαι
1027 2912 1132 2963 post
1163 2903 1378 2956 πλείονος
1408 2907 1508 2950 hab.
1542 2910 1644 2948 sz
