2032 3128
236 111 297 156 VJ
906 110 1247 155 PRAEFATIO

232 245 667 304 apopthegmatum)
705 248 890 301 partem
929 244 1098 288 iterum
1131 247 1183 287 ut
1214 248 1457 300 excerptor
1487 246 1806 301 excerptorum
1840 261 1914 291 ex·

234 305 445 349 tenuavit
476 306 637 349 auctor
666 303 796 348 illius
828 304 1076 360 epitomae,
1109 317 1251 358 quam
1275 302 1407 360 Spyr.
1431 302 1655 348 Lambros
1679 317 1736 348 ex
1759 305 1919 351 codiee

235 363 386 408 Athoo
426 363 694 408 Monasterii
742 362 786 406 S.
827 361 1041 418 Dionysii
1073 366 1129 406 90
1177 375 1296 407 saec.
1337 361 1452 406 XIII.
1486 364 1564 419 (Δ)
1611 364 1658 407 et
1704 362 1919 409 Parisino

232 422 382 480 suppl.
417 437 485 479 gr.
516 427 600 466 134
633 436 752 467 saec.
778 421 896 465 XIII.
922 422 1019 477 (11)
1051 420 1101 464 in
1126 421 1366 466 annalium
1389 421 1515 472 Νέος
1532 420 1920 480 Ἐλληνομνήμων
2003 463 2009 476 ,

234 481 320 526 vol.
353 482 415 525 111
449 484 599 538 (1906)
639 481 752 524 iuris
785 479 964 536 publici
1002 480 1126 524 fecit.
1191 485 1233 524 A
1265 483 1313 524 et
1343 483 1394 524 H
1431 479 1580 537 igitur
1608 481 1728 525 nihil
1759 495 1919 527 eorum

232 540 495 596 continent,
542 553 662 596 quae
701 553 824 582 nunc
863 538 974 593 edo;
1028 542 1078 582 Ψ
1111 553 1220 583 vero
1260 538 1480 596 quoniam
1521 542 1569 584 et
1607 540 1811 585 deterior
1849 548 1920 586 est

231 598 393 645 codice
427 602 465 644 Φ
505 603 549 643 et
586 599 773 655 praeter
810 611 985 654 paucas
1017 613 1134 654 quas
1166 598 1358 643 aliunde
1389 599 1575 656 accepit
1605 599 1830 644 lectiones
1863 614 1916 645 ex

228 658 313 703 illo
352 658 637 714 descriptus,
680 660 733 701 Φ
764 657 914 701 solum
947 657 1007 701 ad
1040 657 1179 701 verba
1200 657 1402 714 'Epicuri
1434 658 1720 704 stabilienda
1752 659 1919 704 afferre

228 717 355 762 licet.
419 717 616 761 Videtur
654 717 790 760 nobis
831 717 1038 774 epitoma
1071 718 1110 760 Φ
1148 717 1435 773 temporibus
1481 717 1775 762 Constantini
1806 718 1918 763 Por·

232 776 577 833 phyrogenneti
616 775 828 820 confecta
867 789 969 820 esse
1009 776 1414 820 considerantibus
1453 790 1573 832 quae
1613 777 1682 821 De
1723 777 1921 829 Stefani,

231 834 366 879 Studi
388 836 440 880 it.
467 835 517 879 di
539 835 573 878 f.
599 835 655 879 cl.
681 834 780 889 XII,
808 839 891 879 169
901 849 969 891 sq.
995 834 1053 878 de
1078 834 1269 879 fortuna
1294 838 1615 892 excerptorum
1639 850 1694 890 ex
1721 836 1920 881 Aeliano

229 894 464 940 disseruit.
516 893 567 939 Si
597 908 705 939 vero
738 896 970 951 expectas,
1001 895 1050 938 te
1083 907 1138 938 ex
1170 893 1440 939 testimonio
1471 895 1750 952 perantiquo
1780 909 1915 953 prac-

229 953 358 999 clara
387 954 620 1010 quaedam
645 953 947 1009 lucraturum,
979 952 1179 1007 falleris:
1211 967 1321 998 nam
1345 967 1498 1011 pauca
1521 955 1645 1010 sunt,
1678 954 1766 1000 etsi
1790 955 1917 1000 haud

228 1014 419 1067 desunt,
461 1027 581 1070 quae
619 1013 743 1058 bona
779 1012 1011 1070 possidet3
1054 1012 1259 1070 plurima
1299 1016 1382 1057 aut
1419 1014 1566 1059 libere
1605 1015 1793 1059 refinxit
1835 1021 1919 1059 aut

228 1071 447 1131 neglexit.
511 1073 675 1128 Neque
714 1086 821 1116 cum
857 1073 940 1116 uni
971 1071 1045 1117 vel
1077 1071 1396 1129 compluribus
1428 1087 1484 1118 ex
1515 1074 1712 1132 integris
1743 1073 1919 1118 auxilio

230 1131 378 1187 venit,
426 1132 665 1190 oppositos
705 1144 886 1188 semper
925 1131 1152 1176 sustinere
1193 1130 1340 1188 valet3
1387 1134 1487 1176 tum
1529 1132 1648 1177 solet
1684 1146 1919 1190 superare.

230 1205 335 1235 cum
374 1193 552 1249 optimo
584 1191 751 1247 cuique
781 1190 1073 1249 integrorum
1105 1191 1307 1244 accedit;
1350 1192 1474 1236 inter
1505 1205 1676 1249 genera
1707 1192 1918 1237 codicum

234 1250 439 1295 vacillat.

305 1309 442 1353 Talia
466 1312 572 1353 sunt
594 1309 807 1353 subsidia
830 1308 1054 1353 editionis
1072 1309 1276 1367 Epicuri.
1310 1309 1502 1354 Utinam
1527 1309 1722 1354 meliora
1744 1310 1916 1356 forent!

230 1368 349 1413 Nam
388 1368 652 1425 exemplum
690 1368 740 1413 L.
771 1367 824 1411 D.
866 1369 1058 1413 unicum
1100 1368 1227 1425 quod
1258 1368 1666 1426 Constantinopoli
1703 1371 1813 1426 post
1841 1368 1919 1413 lit-

229 1430 355 1472 teras
379 1430 556 1473 veteres
579 1430 766 1472 renatas
791 1427 981 1472 saeculo
999 1427 1185 1472 circiter
1201 1441 1323 1473 nono
1342 1428 1392 1471 in
1407 1427 1700 1473 bibliotheca
1716 1429 1919 1484 quadam

227 1487 463 1531 inventum
495 1501 596 1531 esse
626 1488 928 1544 suspicamur,
960 1487 1312 1532 vitiosissimum
1342 1489 1457 1532 erat.
1507 1486 1666 1532 Etiam
1699 1487 1783 1532 illo
1810 1487 1918 1545 ipso

229 1549 439 1604 tempore
486 1562 578 1603 quo
595 1602 599 1605 ι
619 1546 730 1591 libri
769 1547 929 1591 decem
968 1559 1024 1591 ex
1061 1547 1323 1592 hereditate
1361 1547 1410 1591 L.
1452 1547 1509 1592 D.
1553 1546 1739 1591 saeculo
1778 1546 1919 1591 tertio

229 1605 613 1650 describebantur
658 1606 731 1650 vel
776 1606 1056 1660 edebantur,
1103 1606 1360 1662 Epicurum
1402 1607 1499 1650 iam
1539 1605 1660 1650 male
1702 1606 1918 1651 habitum

231 1665 376 1710 fuisse
423 1665 666 1710 credimus.
729 1665 972 1709 Nescimus
1020 1679 1131 1710 sane
1174 1665 1314 1721 quale
1352 1666 1497 1710 fuerit
1533 1665 1749 1710 volumen
1791 1666 1917 1721 quod

231 1724 440 1769 Laertius
486 1724 576 1769 sibi
623 1725 926 1781 comparavit,
975 1738 1126 1781 neque
1165 1725 1206 1769 is
1247 1726 1349 1769 erat
1386 1726 1594 1770 urinator
1631 1724 1793 1769 Delius
1836 1725 1917 1782 qui

231 1783 484 1839 Epicurum
513 1783 653 1841 plane
685 1783 1004 1842 intellegeret;
1037 1786 1137 1828 tum
1167 1784 1270 1841 ipse
1302 1784 1363 1828 ad
1394 1784 1629 1843 margines
1659 1785 1832 1829 scholia
1863 1797 1919 1828 ex

230 1845 421 1888 auctore
468 1842 812 1900 doxographico
860 1843 1129 1900 adscripsit,
1177 1857 1298 1899 quae
1344 1846 1510 1900 postea
1548 1843 1727 1887 scribae
1766 1843 1918 1888 verbis

230 1901 422 1958 Epicuri
460 1902 759 1947 intexuerunt
789 1904 838 1946 et
876 1915 970 1946 una
1009 1902 1366 1959 descripserunt.
1431 1903 1553 1955 Quas
1594 1902 1919 1947 adnotationes

229 1961 403 2016 partim
442 1961 582 2005 facile
619 1974 701 2005 nos
742 1975 988 2019 segregare
1027 1975 1296 2018 possumus,
1345 1964 1518 2018 partim
1557 1974 1662 2005 vero
1701 1961 1811 2006 illae
1850 1960 1919 2004 ita

234 2021 501 2064 contextum
536 2019 759 2064 orationis
788 2020 1057 2078 philosophi
1083 2020 1517 2065 contaminaverunt
1540 2020 1807 2073 obruerunt,
1839 2021 1918 2063 de-

228 2084 540 2135 pravaverunt
586 2079 885 2136 expulerunt,
940 2082 993 2123 ut
1037 2080 1112 2123 vix
1158 2079 1446 2136 Epicurusne
1491 2082 1657 2124 auctor
1699 2079 1918 2135 loquatur

230 2151 291 2182 an
322 2137 372 2182 L.
397 2138 630 2195 Diogenes
661 2139 917 2183 scholiasta
948 2138 1048 2183 eius
1080 2152 1428 2196 cognoscamus.
1472 2139 1572 2184 Hoc
1603 2141 1657 2182 ut
1685 2138 1735 2183 in
1764 2137 1918 2193 prima

231 2197 294 2240 ad
330 2196 619 2242 Herodotum
659 2197 772 2241 data
810 2197 1015 2254 epistula
1053 2198 1291 2242 interdum
1330 2198 1521 2253 accidit,
1564 2197 1636 2241 ita
1666 2195 1916 2253 epistulam

230 2255 534 2311 Pythocleam
574 2256 763 2313 penitus
802 2257 1023 2314 corrupit.
1084 2257 1186 2301 Hac
1226 2257 1284 2301 de
1324 2271 1466 2302 causa
1504 2257 1670 2313 opinor
1706 2254 1917 2300 homines

228 2314 359 2359 docti
411 2317 466 2359 ut
519 2315 772 2371 epistulam
826 2316 1079 2360 secundam
1130 2315 1333 2373 Epicuro
1381 2315 1654 2360 abiudicent
1698 2315 1914 2371 propensi

230 2375 352 2431 sunt,
383 2377 454 2418 est
482 2374 609 2419 enim
638 2388 777 2431 saepe
809 2375 1032 2431 scriptore
1057 2375 1270 2431 quamvis
1295 2374 1566 2432 indiligenti
1590 2373 1800 2430 indigna.
1840 2373 1918 2417 Me

228 2445 337 2476 vero
384 2433 497 2488 quin
536 2447 695 2477 omnes
735 2435 829 2477 tres
868 2433 1094 2490 epistulas
1134 2434 1361 2491 genuinas
1402 2447 1503 2478 esse
1543 2433 1727 2477 credam
1765 2445 1918 2488 neque

232 2490 457 2535 orationis
489 2491 679 2547 stilique
711 2491 1002 2536 differentiae
1026 2507 1110 2536 nec
1136 2492 1382 2549 dispositio
1408 2491 1615 2548 capitum
1639 2490 1915 2548 impediunt.

232 2549 423 2594 Minime
455 2552 611 2594 tamen
642 2551 931 2596 reticendum
962 2553 1047 2605 est,
1079 2552 1327 2609 epistulam
1352 2550 1650 2606 Pythocleam
1674 2549 1770 2594 iam
1794 2548 1914 2594 anti-

233 2609 338 2664 quis
383 2609 671 2666 temporibus
718 2610 1046 2655 addubitatam
1093 2623 1217 2655 esse:
1265 2610 1326 2655 cf.
1370 2609 1672 2654 Philodemus
1718 2609 1769 2653 in
1812 2607 1913 2652 Vol.

231 2667 365 2712 Herc.
394 2667 440 2711 ²1
471 2667 551 2712 fol.
579 2673 662 2712 152
687 2668 783 2726 (Us.
814 2668 898 2726 Ep.
922 2684 965 2726 p.
993 2674 1070 2724 34;
1105 2669 1339 2723 Croenert,
1371 2669 1473 2714 Kol.
1498 2683 1544 2712 u.
1569 2668 1690 2712 Men.
1717 2671 1916 2712 23.175:

231 2724 446 2778 ὑποψίαν
476 2727 583 2771 τινὰ
614 2727 866 2786 λαμβάνων
897 2729 958 2779 ὡς
987 2726 1093 2784 περί
1123 2744 1268 2772 τινων
1299 2729 1548 2773 ἐπιστολῶν
1572 2728 1652 2771 καὶ
1674 2733 1758 2784 τῆς
1779 2725 1919 2784 ustos

234 2784 507 2843 Πυ]θοκλ,έα
536 2786 643 2841 περὶ
667 2787 906 2842 μετεώρων
932 2787 1149 2844 ἐπιτομῆς
1173 2787 1254 2831 καὶ
1278 2787 1439 2842 etc.).¹)
1487 2785 1754 2831 Dialectum
1777 2785 1914 2829 huius

309 2906 351 2958 1)
381 2903 515 2947 Unde
562 2904 812 2959 sumpserit
851 2904 1076 2960 Epicurus
1125 2904 1382 2948 doctrina-m
1428 2905 1486 2947 de
1525 2903 1744 2948 meteoris
1784 2903 1918 2947 docet
