2032 3128
93 130 264 172 ‘19-81
689 126 769 172 AD
802 126 1187 174 HERODOTUM
1709 127 1782 180 25

33 315 39 320 .
95 268 150 318 τὸ
189 264 236 318 δ’
265 267 320 318 έν
358 276 417 336 τῇ
458 268 646 335 ἱστορία
684 266 936 327 πεπτωκὸς
967 275 1055 331 τῆς
1086 270 1273 327 δύσεως
1311 268 1394 318 καὶ
1430 269 1673 333 ἀνατολῆς
1703 268 1783 318 καὶ
1814 276 1872 319 79

94 357 280 414 τροπῆς
323 347 407 398 καὶ
451 346 716 412 ἐκλείψεως
761 347 845 397 καὶ
891 347 982 398 ὅσα
1027 358 1239 415 συγγενῆ
1283 350 1474 411 τούτοις
1512 350 1678 415 μηθὲν
1718 356 1784 401 ἔτι

93 429 218 495 πρὸς
256 430 311 482 τὸ
343 429 585 495 μακάριον
615 438 703 496 τῆς
733 430 958 497 γνώσεως
987 431 1284 494 συντείνειν,
1322 427 1428 480 ἀλλ’
1457 430 1638 496 ὁμοίως
1667 433 1784 492 τοὺς

97 511 289 578 φόβους
318 512 443 578 ἔχειν
474 511 590 571 τοὺς
620 520 774 563 ταῦτα
803 510 1099 576 κατειδότας,
1129 512 1256 571 τίνες
1287 507 1334 560 δ’
1359 513 1417 561 αί
1435 514 1609 576 φύσεις
1633 510 1781 580 ἀγνο-

94 601 275 654 οῦντας
305 593 387 644 καὶ
418 594 547 652 τίνες
577 595 634 643 αἰ
659 595 952 661 κυριώταται
983 593 1151 657 αἰτίαι,
1181 591 1265 642 καὶ
1294 594 1340 643 εἰ
1369 594 1435 657 μὴ
1467 591 1781 666 προσῄδεσαν
1805 621 1826 653 5

97 683 266 726 ταῦτα·
306 675 426 741 τάχα
467 673 520 724 δὲ
558 674 643 725 καὶ
671 677 894 742 πλείους,
934 677 1050 727 ὅταν
1080 674 1133 723 τὸ
1163 674 1363 739 θάμβος
1393 674 1447 725 ἐκ
1477 683 1564 740 τῆς
1594 678 1781 728 τούτων

94 756 561 823 προσκατανοήσεως
597 757 664 822 μὴ
698 758 906 823 δύνηται
936 757 1028 821 τὴν
1065 756 1207 805 λύσιν
1237 755 1505 821 λαμβάνειν
1534 757 1658 806 κατὰ
1688 758 1780 822 τὴν

95 837 207 904 περὶ
244 846 343 888 τῶν
380 838 695 901 κυριωτάτων
734 840 1036 905 οἰκονομίαν.
1078 837 1155 887 διὸ
1187 837 1248 901 δὴ
1280 836 1363 886 καὶ
1393 838 1591 898 πλείους
1622 838 1781 898 αἰτίας

96 917 384 986 εὑρίσκομεν
422 926 619 984 τροπῶν
655 919 739 969 καὶ
779 921 968 971 δύσεων
1006 918 1088 970 καὶ
1118 917 1370 968 ἀνατολῶν
1400 917 1482 968 καὶ
1514 917 1779 982 ἐκλείψεων

94 999 179 1050 καὶ
215 1007 314 1049 τῶν
351 1000 741 1065 τοιουτοτρόπων
779 1001 940 1068 ὥσπερ
978 1000 1057 1052 καὶ
1096 1000 1150 1051 ἐν
1184 1004 1287 1058 τοῖς
1317 999 1439 1049 κατὰ
1470 1000 1614 1067 μέρος
1644 1020 1778 1068 γινο-
1804 1026 1846 1056 ιο

98 1079 279 1146 μένοις,
309 1080 393 1130 καὶ
424 1080 485 1130 οὗ
517 1082 598 1131 δεῖ
620 1083 840 1147 νομίζειν
867 1084 960 1149 τὴν
982 1082 1104 1149 ὑπὲρ
1128 1081 1314 1132 τούτων
1338 1084 1502 1148 χρείαν
1526 1081 1780 1149 ἀκρίβειαν
1804 1088 1867 1134 80

95 1161 162 1226 μὴ
201 1160 552 1226 ἀπειληφέναι,
591 1159 684 1228 ὅση
721 1164 845 1230 πρὸς
884 1165 937 1215 τὸ
977 1164 1218 1230 ἀτάραχον
1251 1163 1333 1212 καὶ
1365 1165 1607 1231 μακάριον
1637 1162 1779 1229 ἡμῶν

97 1243 348 1292 συντείνει.
381 1241 501 1292 ὥστε
527 1249 977 1312 παραθεωροῦντας
999 1252 1222 1310 ποσαχῶς
1245 1239 1362 1310 παρ’
1382 1242 1504 1310 ἡμῖν
1528 1246 1579 1295 τὸ
1607 1245 1778 1310 ὅμοιον

93 1323 302 1389 γίνεται,
332 1323 692 1391 αἰτιολογητέον
722 1324 847 1394 ὑπέρ
876 1346 925 1378 τε
955 1335 1053 1377 τῶν
1084 1325 1335 1392 μετεώρων
1365 1326 1448 1376 καὶ
1477 1328 1660 1387 παντὸς
1690 1335 1778 1378 τοῦ

94 1403 310 1469 ἀδήλου,
351 1415 787 1472 καταφρονοῦντας
817 1417 916 1459 τῶν
947 1407 1059 1459 οὔτε
1088 1404 1211 1473 <τὸ>
1243 1416 1468 1473 μοναχῶς
1499 1407 1609 1473 ἕχον
1639 1406 1673 1474 ἢ
1703 1429 1776 1474 γι·
1793 1432 1827 1461 1>-
1846 1424 1889 1455 ³⁰

94 1485 306 1551 νόμενον
344 1487 682 1553 γνωριζόντων
721 1486 833 1539 οὔτε
871 1490 924 1540 τὸ
956 1494 1231 1554 πλεοναχῶς
1262 1490 1563 1555 συμβαῖνον,
1602 1490 1694 1553 τὴν
1723 1489 1777 1539 ἐκ
1801 1510 1843 1543 1⁶

95 1573 195 1617 τῶν
224 1565 581 1634 ἀποστημάτων
611 1571 890 1633 φαντασίαν
920 1570 1252 1638 παριδόντων,
1282 1570 1352 1620 ἔτι
1382 1588 1430 1619 τε
1461 1568 1777 1636 ἀγνοούντων

91 1647 176 1698 καὶ
213 1648 268 1699 ἕν
304 1651 469 1709 ποίοις
508 1649 601 1700 οὐκ
639 1649 768 1700 ἔστιν
807 1651 1134 1719 ἀταρακτῆσαι
1163 1649 1281 1712 <nai
1316 1650 1369 1701 έν
1400 1653 1562 1711 ποίοις
1595 1650 1776 1716 ὁμοίως

92 1727 470 1796 ἀταρακτῆσαι).
546 1729 611 1780 ἂν
657 1724 750 1781 οὖν
793 1732 1015 1799 οἰώμεθα
1058 1730 1139 1782 καὶ
1180 1729 1275 1781 ὡδί
1311 1750 1417 1792 πως
1461 1732 1776 1799 ἐνδεχόμενον

98 1811 217 1863 αὐτὸ
255 1813 484 1879 γίνεσθαι
521 1808 626 1879 [καὶ
657 1810 711 1862 έν
744 1814 907 1875 ποίοις
942 1813 1120 1881 ὁμοίως
1150 1811 1530 1880 ἀταρακτῆσαι],
1568 1814 1688 1865 αὐτὸ
1722 1815 1775 1865 τὸ
1798 1836 1843 1868 zo

95 1892 170 1944 ὅτι
199 1898 478 1961 πλεοναχῶς
515 1895 698 1961 γίνεται
735 1897 1075 1962 γνωρίζοντες,
1118 1895 1278 1959 ὥσπερ
1315 1893 1410 1944 κᾶν
1442 1895 1516 1945 ὅτι
1548 1894 1642 1946 ὡὸί
1671 1916 1775 1956 πως

94 1975 280 2040 γίνεται
310 1976 532 2040 εἰδῶμεν,
562 1973 973 2042 ἀταρακτήσομεν.
1008 1972 1121 2026 Ἐπὶ
1152 1973 1205 2025 δὲ
1229 1975 1420 2035 τούτοις
1444 1975 1568 2037 ὅλως
1591 1978 1774 2027 ἅπασιν
1800 1980 1859 2025 81

165 2162 192 2197 ⁸
222 2154 304 2205 τὰς
342 2156 534 2212 γνώσεις
571 2156 667 2210 Ue„
706 2157 788 2212 Qui
824 2159 962 2202 etiam
1000 2167 1020 2201 1
1051 2163 1134 2202 τοῦ
1168 2189 1178 2199 .
1204 2190 1214 2198 .
1240 2186 1251 2196 .
1283 2154 1579 2207 πεπτωκότος
1606 2170 1771 2213 propo-

71 2214 199 2266 -sm't,
222 2216 505 2268 praeferrem
532 2216 618 2273 τὴν
641 2222 827 2272 γνῶσιν,
857 2218 936 2261 sed
956 2219 1014 2272 cf.
1042 2232 1091 2274 p.
1114 2219 1190 2269 24,
1213 2217 1272 2258 12
1332 2222 1356 2256 4
1387 2214 1661 2266 κατειδότας
1699 2215 1771 2260 Us.

91 2272 151 2326 ef.
170 2286 218 2329 p.
244 2275 318 2326 53,
336 2277 407 2318 17.
442 2279 515 2329 55,
531 2279 603 2319 14.
630 2278 701 2328 57,
721 2279 767 2318 1:
801 2275 1081 2326 κατιδόντας
1103 2271 1463 2330 (καταδιδόντας
1477 2276 1528 2326 B)
1552 2276 1597 2317 Ω
1623 2277 1632 2329 Ι
1659 2271 1706 2318 δ’
1722 2273 1772 2316 αἱ

92 2334 128 2375 Β
158 2331 210 2376 δὲ
241 2330 292 2374 αἱ
316 2335 420 2375 rzt
448 2335 500 2378 δὲ
523 2338 619 2378 1³00
694 2341 718 2376 ὅ
748 2333 1063 2389 προσήδεισαν
1086 2336 1266 2377 Brcor
1289 2334 1346 2387 (?)
1376 2331 1679 2387 προσήδησαν
1702 2336 1772 2384 21,

92 2404 206 2437 corr.
231 2390 367 2444 Hae„
402 2392 557 2438 Groen.
585 2394 661 2449 (Μ
665 2393 766 2439 GH
783 2396 893 2446 210)
955 2401 980 2435 6
1009 2393 1130 2453 τάχα
1153 2392 1222 2451 δὲ]
1247 2390 1306 2435 τὰ
1329 2389 1505 2449 χαλεπὰ
1529 2391 1718 2435 r¹P⁸Zt

95 2458 115 2492 7
148 2449 268 2494 κατὰ
296 2449 450 2495 Gaea:
483 2453 564 2496 καὶ
588 2455 632 2497 Ω
691 2460 716 2496 8
747 2449 837 2496 κᾶν
866 2448 1055 2504 πλείους
1084 2450 1238 2501 αἰτίας
1273 2450 1552 2505 εὑρίσκωμεν
1576 2455 1617 2495 et
1639 2459 1681 2494 n
1714 2444 1774 2506 ἦν

87 2522 178 2566 pro
209 2506 239 2565 ἢ
277 2509 352 2554 Us.
473 2520 522 2554 10
550 2519 643 2555 τῶν
673 2511 897 2556 τοιούτων
927 2510 1113 2565 τρόπων
1145 2515 1346 2566 (τροπῶν
1377 2508 1521 2558 1³21)
1553 2511 1618 2561 Sl,
1658 2522 1771 2554 corr.

97 2568 210 2613 Mei.
329 2577 371 2612 11
403 2570 484 2612 καὶ
522 2571 662 2616 Mei.:
708 2568 738 2627 ἢ
776 2573 820 2615 Ω
938 2577 985 2612 15
1016 2569 1123 2615 οὔτε
1161 2570 1213 2614 τὸ
1248 2568 1399 2613 Ga88.:
1448 2567 1557 2612 οὐδὲ
1589 2570 1776 2610 Brrzr

91 2625 232 2672 οὐδὲν
265 2630 317 2671 (Σο
399 2635 447 2670 1⁸
475 2628 561 2685 τήν
594 2627 714 2688 (τ’)
753 2630 827 2675 Us.
861 2626 1051 2687 (κατὰ)
1084 2628 1169 2686 τὴν
1202 2629 1313 2673 Mei.
1348 2625 1507 2684 (τῶν)
1540 2627 1626 2682 τὴν
1659 2626 1774 2678 K0.,·

92 2686 213 2731 m‘ht‘l
240 2686 515 2731 mutandum
544 2694 607 2733 est
727 2697 770 2732 ιτ
804 2687 1100 2743 παριδόντων
1140 2688 1238 2733 Us.:
1280 2685 1640 2739 παραδιδόντων
1672 2686 1715 2727 Ω

94 2751 141 2788 18
162 2745 245 2789 καὶ
270 2779 281 2789 .
308 2781 316 2788 .
343 2778 355 2789 .
378 2753 426 2788 10
441 2745 760 2803 ἀταρακτῆσαι
783 2762 841 2793 ex
862 2762 923 2793 vs.
942 2754 992 2790 ΞΟ
1012 2745 1101 2789 huc
1124 2746 1387 2803 transposui
1446 2752 1493 2786 1⁹
1516 2742 1577 2788 ἂν
1600 2741 1712 2788 οὖν.
1734 2778 1741 2785 .
1762 2777 1770 2783 .

15 2815 17 2817 ’
91 2811 144 2847 80
171 2805 489 2861 ἀταρακτῆσαι
518 2817 604 2850 om·
635 2808 670 2848 B
791 2815 841 2851 zo
871 2808 923 2851 ἐν
951 2801 1107 2855 ποίοις
1132 2805 1250 2848 2¹00
1283 2799 1360 2857 ἐφ’
1388 2801 1515 2854 οἴοιςῖ
1538 2802 1702 2845 12⁸2!

93 2869 142 2905 n
173 2859 263 2907 κᾶν
295 2860 383 2921 [ὅτι
413 2860 504 2907 κᾶν
536 2861 635 2918 ὣδή
664 2865 783 2924 πως]
814 2866 871 2909 1¹
953 2872 1003 2907 28
1033 2861 1246 2919 γίνονται
1275 2861 1435 2904 unco
1464 2865 1471 2917 Ι
1499 2860 1613 2911 ὅλως
1634 2863 1772 2902 Brea

15 2943 18 2946 ·
91 2918 216 2972 ὅλοις
244 2925 374 2979 rm),
405 2936 488 2968 om.
521 2925 582 2965 z!

1448 2996 1503 3037 3*
