2032 3128
804 129 1146 175 PRAEFATIO
1781 139 1820 181 V

215 262 340 307 Haec
373 262 561 319 vulgata
584 262 725 307 lectio
754 263 815 307 ab
840 262 1046 308 editione
1069 264 1287 322 principi.
1321 278 1442 322 quae
1464 267 1671 313 Basileae
1696 272 1821 328 apud

144 321 427 367 Frobenium
465 334 585 366 anno
621 326 734 366 1528
767 335 792 366 e
822 322 943 366 libro
975 323 1037 367 M.
1070 323 1302 382 Aurigaui
1333 324 1509 382 prodiit
1535 329 1616 383 (1),
1653 342 1821 373 nomen

59 397 61 399 ¹
143 380 330 438 accipit.
389 379 646 426 Pessimum
687 380 896 426 codicem
936 382 1062 427 mala
1099 383 1287 428 fortuna
1326 383 1387 427 ad
1423 398 1650 430 summum
1680 387 1817 432 hono-

139 453 249 484 rem·
278 439 606 485 destinaverat.
670 439 761 485 Sed
799 441 912 497 quia
950 441 1010 486 ob
1046 442 1216 488 iustam
1249 456 1433 487 causam
1466 448 1521 488 ut
1554 458 1691 501 supra
1721 446 1815 491 dixi

140 499 364 543 lectiones
396 499 420 542 f
453 513 544 544 non
584 513 685 544 esse
719 501 1157 556 praetermittendas
1189 502 1474 550 existimavi.
1514 503 1571 546 de
1603 505 1757 550 codice
1788 511 1817 549 z

140 571 325 614 quoque
363 558 395 602 i.
428 573 467 604 e.
509 558 899 616 Raudnitziano¹)
938 559 1159 604 lectorem
1191 561 1431 606 certiorem
1464 561 1608 616 faci03
1647 576 1701 606 ex
1730 564 1815 608 hoc

143 617 268 661 enim
298 617 393 662 iam
424 631 453 662 a
484 618 540 660 Z⁸
571 619 776 662 correcto
808 620 936 663 ortus
968 623 1038 663 est
1067 619 1187 664 liber
1216 619 1461 677 Aurigalli.
1525 622 1588 664 At
1621 625 1817 667 auctori-

139 679 285 722 tatem
316 676 525 734 aliquam
554 679 800 734 recuperat
831 678 1085 722 secundum
1116 693 1262 736 genus
1295 678 1353 722 ab
1387 680 1712 735 antiquissimo
1736 697 1814 726 suo

140 736 417 793 exemplari,
461 736 671 793 quamvis
709 735 982 782 lacunosum
1021 737 1084 781 sit
1122 737 1367 793 scribaque
1406 752 1461 782 ex
1499 738 1696 784 libidine
1734 755 1816 784 sua

141 808 282 852 saepe
310 795 555 840 verborum
587 797 870 840 structuram
899 796 1166 851 mutaverit,
1197 811 1226 840 a
1251 796 1550 854 r<lorentino)
1575 798 1673 843 scil.
1699 798 1814 843 Lau-

139 854 352 899 rentiano
390 869 459 912 gr.
499 854 617 912 plut.
651 854 790 898 LXIX
827 859 880 900 18
920 868 1039 900 saec.
1071 855 1191 900 XIII.
1253 854 1446 899 Videbis
1484 857 1608 901 enim
1647 858 1746 902 cod.
1781 862 1814 901 F

138 913 359 971 vulgatae
406 914 663 971 scripturae
704 914 839 959 valde
877 914 1190 971 propinquum
1229 927 1328 958 esse
1366 917 1508 970 atque
1546 916 1816 973 saepissime

138 973 186 1016 in
227 973 531 1019 adnotatione
573 972 696 1030 sigla
725 973 938 1030 F(P³)zf
971 974 1242 1018 consociari.
1304 972 1394 1018 Sed
1425 974 1727 1020 nihilominus
1758 978 1815 1019 ab

138 1032 227 1077 hoc
258 1041 484 1077 concentu
516 1032 772 1078 cavendum
804 1035 896 1088 est3
929 1046 1049 1089 quae
1074 1034 1198 1078 enim
1221 1032 1330 1077 libri
1354 1032 1426 1076 illi
1450 1034 1602 1090 specie
1625 1034 1813 1079 meliora

140 1092 467 1149 suppeditant,
508 1104 565 1136 ea
603 1091 972 1152 coniecturarum
1012 1107 1099 1150 ope
1137 1091 1338 1136 maxime
1369 1091 1688 1146 obtinuerunt,
1727 1095 1813 1137 etsi

138 1150 231 1196 loci
269 1164 362 1196 non
401 1151 572 1195 desunt
609 1149 778 1206 quibus
818 1165 922 1195 cum
953 1151 1021 1195 eis
1051 1151 1203 1196 facere
1235 1151 1417 1208 cogaris
1448 1151 1524 1205 (cf.
1554 1166 1598 1208 p.
1631 1156 1701 1206 52,
1726 1156 1811 1208 20).

135 1210 269 1312 Inssea
289 1223 339 1254 re
362 1209 616 1254 iudicanda
631 1208 863 1254 Usenerus
887 1212 936 1254 et
959 1211 1101 1255 ceteri
1124 1210 1211 1254 viri
1237 1210 1364 1253 docti
1387 1209 1639 1267 aliquando
1663 1224 1812 1256 errare

135 1268 198 1312 m‘
235 1270 252 1312 i
285 1269 510 1313 videntur.

211 1328 272 1372 Hi
311 1331 420 1372 sunt
458 1327 641 1372 codices
680 1328 849 1384 integri
890 1342 1006 1384 quos
1044 1328 1258 1381 adhibui,
1298 1327 1425 1370 haud
1463 1328 1532 1372 ita
1568 1332 1722 1373 tamen
1762 1333 1814 1373 ut

136 1388 294 1432 omnia
314 1387 618 1445 proponenda
640 1400 741 1431 esse
762 1387 1143 1440 existimaverim:
1167 1388 1319 1431 multa
1338 1387 1473 1431 omisi
1490 1401 1608 1443 quae
1625 1388 1811 1445 singuli,

136 1446 186 1490 in
215 1460 265 1490 re
297 1445 660 1504 orthographica
691 1447 988 1503 praesertim,
1018 1449 1345 1503 peccaverunt,
1376 1459 1527 1502 neque
1557 1459 1715 1491 omnes
1744 1446 1811 1490 la-

133 1518 283 1550 cunae
312 1505 387 1550 vel
417 1505 664 1550 verborum
694 1506 1006 1557 traiectiones,
1038 1505 1206 1562 quibus
1238 1507 1348 1549 ante
1379 1507 1556 1549 ceteros
1578 1508 1633 1548 ut
1655 1505 1751 1549 dixi
1774 1506 1810 1549 F

134 1564 344 1621 excellit,
382 1564 548 1609 lectori
579 1567 689 1609 ante
720 1565 878 1609 oculos
908 1564 1154 1621 ponendae
1184 1567 1330 1608 erant.
1392 1562 1566 1608 Tamen
1596 1567 1671 1608 me
1701 1578 1809 1609 cau-

135 1622 314 1668 tissime
360 1624 506 1668 etiam
542 1623 592 1667 in
629 1624 720 1668 bac
756 1638 807 1668 re
844 1624 995 1681 egisse
1033 1623 1128 1666 iam
1167 1623 1277 1667 dixi.
1339 1622 1574 1666 Interdum
1612 1622 1809 1667 aliorum

138 1682 350 1728 codicum
380 1688 428 1734 Τ.
451 1689 504 1737 D,
529 1686 578 1737 G,
602 1686 644 1725 Η
676 1682 773 1739 (qui
806 1695 860 1727 ex
892 1682 928 1726 P
960 1682 1219 1739 descriptus
1250 1682 1338 1739 est)
1370 1686 1415 1725 et
1444 1681 1675 1725 Ambrosii
1700 1681 1809 1725 'si-a-

134 1742 325 1786 versarii
355 1741 756 1799 interpretationis
779 1742 974 1785 Latinae
998 1741 1312 1794 memineram,
1344 1740 1419 1784 vix
1441 1740 1691 1798 genuinam
1713 1754 1806 1784 me—

132 1801 328 1846 moriam
358 1802 409 1845 in
441 1801 510 1845 eis
539 1801 691 1845 inesse
722 1801 949 1845 iudicans.

207 1860 402 1904 Accedit
430 1873 537 1905 vero
567 1874 692 1904 nunc
723 1861 916 1916 epitoma
952 1862 1019 1913 Φ,
1050 1872 1170 1916 quae
1201 1858 1375 1916 legitur
1404 1858 1453 1902 in
1483 1858 1643 1902 codice
1678 1858 1804 1902 Vati-

133 1932 248 1962 cano
280 1923 337 1963 96
378 1932 496 1964 saec.
529 1918 646 1963 XIII.
688 1918 760 1963 vel
790 1918 924 1972 XIV.,
964 1918 1042 1962 fol.
1076 1922 1265 1975 29'sqq.
1325 1917 1659 1974 Antegreditur
1703 1930 1805 1961 sam

130 1978 179 2020 in
218 1977 300 2021 illo
339 1977 459 2023 libro
497 1976 964 2033 Pseudo-Hesychius
1001 1975 1213 2021 Milesius
1251 1976 1358 2031 περὶ
1394 1982 1488 2020 τῶν
1526 1975 1576 2020 ἐν
1617 1974 1806 2036 παιδείᾳ

130 2037 416 2094 λαμψάντων
448 2044 609 2094 σοφῶν
640 2036 718 2081 fol.
746 2042 952 2093 11‘sqq.;
984 2035 1041 2081 cs.
1075 2047 1195 2092 quae
1227 2034 1287 2080 de
1311 2034 1415 2079 Vat.
1440 2038 1497 2078 96
1528 2034 1807 2091 scripserunt

130 2095 199 2140 Ed
237 2131 247 2140 .
280 2096 484 2153 Martini,
516 2095 668 2154 Leipz.
704 2095 835 2140 Stud.
867 2094 965 2150 XX,
991 2100 1072 2140 147
1085 2093 1231 2151 sqq.*)
1264 2096 1312 2139 et
1341 2093 1410 2138 De
1441 2092 1642 2148 Stefani,
1672 2092 1805 2137 Studi

129 2110 235 2200 itali
265 2155 314 2199 di
345 2155 454 2200 filol.
489 2154 623 2200 class.
648 2155 746 2210 ΧΠ,
773 2159 933 2211 154sq.
990 2154 1115 2198 Idem
1148 2152 1241 2197 fuit
1271 2155 1446 2207 auctor,
1477 2153 1558 2209 qui
1587 2155 1637 2196 et
1659 2151 1803 2208 Hesy-

129 2212 286 2258 chium
319 2214 453 2259 finxit
483 2217 532 2259 et
561 2213 818 2271 Diogenem
848 2214 919 2258 ita
949 2211 1181 2269 excerpsit
1208 2214 1263 2256 ut
1295 2211 1496 2269 primum
1528 2211 1670 2265 δόξας
1699 2211 1801 2267 phi-

128 2271 450 2331 losophorum,
490 2272 661 2318 deinde
698 2273 818 2317 vitas
856 2272 1225 2330 apopthegmata
1263 2269 1557 2328 compilsrst,
1596 2270 1677 2315 sed
1708 2269 1799 2314 iam

126 2345 250 2389 quae
287 2335 427 2378 antea
456 2332 687 2389 Hesychio
720 2332 1051 2385 vindicaverat,
1081 2330 1332 2375 omitteret.
1395 2329 1568 2373 Eadem
1601 2329 1803 2386 epitoma

128 2391 361 2437 invenitur
400 2393 542 2437 etiam
581 2392 629 2435 in
662 2391 821 2436 codice
851 2390 1066 2435 Palatino
1097 2388 1324 2433 Vaticano
1354 2402 1421 2446 gr.
1446 2393 1503 2430 93
1534 2401 1656 2432 anno
1690 2391 1801 2431 1838
1840 2430 1846 2434 ,

129 2464 173 2506 p.
205 2450 308 2496 Chr.
349 2466 392 2495 n.
435 2451 693 2508 conscripto
732 2451 851 2506 (Ψ).
916 2449 1027 2492 Eius
1064 2461 1175 2493 vero
1214 2447 1410 2491 alteram
1448 2446 1495 2503 (i.
1528 2459 1565 2491 e.
1606 2446 1798 2490 vitarum

202 2570 246 2626 1)
275 2569 346 2614 Ex
384 2567 673 2614 bibliotheca
709 2568 935 2625 principis
978 2567 1037 2612 de
1068 2565 1359 2619 Lobkowitz,
1397 2563 1479 2608 ubi
1517 2564 1602 2608 sub
1639 2577 1710 2607 no.
1735 2561 1798 2605 VI

126 2627 185 2673 fc.
218 2632 281 2672 88⁴
313 2629 579 2674 asservatur
608 2628 684 2686 (cf.
718 2625 908 2684 Gossop,
952 2624 1215 2694 Sitzungsb.
1248 2624 1295 2670 d.
1325 2623 1369 2668 k.
1401 2622 1550 2668 Akad.
1584 2622 1627 2667 d.
1658 2620 1797 2665 Wiss.

126 2702 183 2731 zu
212 2687 351 2732 Wien
381 2687 576 2742 CXLVI,
609 2691 650 2739 7,
684 2691 802 2743 112),
832 2686 1097 2730 humaniter
1127 2698 1178 2729 m
1207 2697 1340 2728 usum
1371 2682 1489 2727 mihi
1519 2681 1683 2726 missus
1713 2683 1796 2725 est.

198 2748 243 2804 2)
274 2746 460 2791 Martini
490 2761 536 2803 p.
570 2750 656 2790 148
687 2745 746 2791 de'
778 2744 1004 2802 excerptis
1036 2742 1297 2788 Laertianis
1327 2755 1378 2787 se
1407 2740 1667 2785 locuturum
1699 2753 1797 2807 esse

123 2803 363 2861 pollicitus
393 2807 477 2860 est,
510 2805 592 2849 sed
624 2807 850 2862 quantum
882 2802 1098 2859 equidem
1130 2802 1286 2856 sciam,
1316 2799 1522 2845 nondum
1552 2799 1642 2844 hoc
1670 2797 1796 2841 fecit.

124 2863 192 2909 De
219 2866 259 2909 Φ
289 2863 553 2909 accuratius
582 2864 631 2908 in
663 2864 870 2908 editione
893 2863 941 2907 L.
966 2862 1021 2906 D.
1046 2861 1347 2913 disseremus,
1378 2872 1546 2916 paucas
1569 2857 1797 2914 quasdam

121 2925 223 2968 eius
254 2922 481 2968 lectiones
508 2923 560 2967 in
589 2922 756 2967 Dielsii
785 2920 1150 2967 Antesocraticis
1180 2919 1339 2963 habes.
