2032 3128
220 114 293 165 44
383 73 385 77 ¹
735 101 971 146 Emeum
1002 97 1295 143 EPISTULA
1327 98 1391 142 111
1670 103 1905 145 122-123

342 376 728 439 EPISTULA
776 374 1072 433 TERTIA
1121 370 1229 430 AD
1276 368 1794 430 MENOEOEUM.

108 517 207 559 μω
580 492 934 561 Ἐπίκουρος
965 495 1271 542 Μενοικεῖ
1293 489 1538 556 χαίρειν.

105 609 198 658 122
296 602 439 665 Μήτε
471 599 579 659 νέος
610 619 680 658 τις
710 598 781 649 ὢν
813 598 1016 663 μελλέτω
1048 599 1368 661 φιλοσοφεῖν,
1399 594 1517 659 μήτε
1551 592 1709 661 γέρων
1742 592 1900 661 ὑπάρ-

221 703 320 751 χων
357 681 570 731 κοπιάτω
610 685 911 744 φιλοσοφῶν.
967 677 1077 729 οὔτε
1115 677 1208 744 γὰρ
1239 675 1402 742 ἄωρος
1432 675 1595 734 οὐδείς
1626 674 1757 725 ἐστιν
1788 675 1899 728 οὔτε

222 764 449 829 πάρωρος
480 762 601 826 πρὸς
631 762 683 811 τὸ
714 761 834 810 κατὰ
865 759 1036 827 ψυχὴν
1067 759 1309 826 ὑγιαῖνον.
1359 755 1384 806 ὁ
1418 754 1470 806 δὲ
1502 755 1655 823 λέγων
1685 755 1718 822 ἢ
1752 758 1902 823 μήπω

180 868 201 901 5
223 853 309 895 τοῦ
357 848 647 907 φιλοσοφεῖν
687 842 920 907 ὑπάρχειν
960 842 1093 906 ὥραν
1131 839 1164 905 ἢ
1203 836 1600 904 παρεληλυθέναι
1638 837 1729 902 τὴν
1768 839 1903 905 ὤραν

225 924 398 989 ὅμοιός,
430 923 528 973 ἐστι
564 927 629 992 τῷ
657 922 844 988 λέγοντι
877 922 999 989 πρὸς
1030 921 1352 985 εὐδαιμονίαν
1385 917 1416 983 ἢ
1449 919 1514 983 μὴ
1548 924 1779 984 παρεῖναι
1809 920 1901 984 τὴν

225 1005 357 1069 ὤραν
388 1004 420 1070 ἢ
454 1003 618 1068 μηκέτι
651 998 789 1053 εἶναι.
830 1004 948 1054 ὥστε
980 1000 1345 1067 φιλοσοφητέον
1368 999 1452 1050 καὶ
1477 997 1569 1070 νέῳ
1593 999 1677 1049 καὶ
1699 999 1906 1067 γέροντι,

226 1091 290 1156 τῷ
323 1084 411 1148 μὲν
443 1086 573 1143 ὅπως
602 1085 861 1149 γηράσκων
883 1085 1029 1153 νεάζῃ
1055 1088 1158 1145 τοῖς
1181 1082 1393 1151 ἀγαθοῖς
1418 1080 1500 1131 διὰ
1524 1080 1616 1146 τὴν
1639 1082 1780 1149 χάριν
1803 1090 1902 1132 τῶν

227 1166 520 1234 γεγονότων,
565 1170 630 1234 τῷ
671 1163 722 1215 δὲ
770 1166 901 1227 ὅπως
947 1166 1057 1225 νέος
1103 1165 1205 1230 ἅμα
1249 1163 1333 1215 καὶ
1375 1163 1582 1222 παλαιὸς
1619 1154 1651 1234 ᾗ
1693 1164 1777 1213 διὰ
1822 1163 1915 1228 τὴν

164 1271 206 1304 10
229 1248 447 1313 ἀφοβίαν
486 1255 580 1296 τῶν
621 1246 912 1310 μελλόντων·
961 1252 1160 1312 μελετᾶν
1198 1239 1293 1298 οὖν
1331 1245 1420 1312 χρὴ
1457 1244 1516 1294 τὰ
1547 1252 1787 1295 ποιοῦντα
1816 1245 1909 1310 τὴν

230 1329 563 1393 εὐδαιμονίαν,
588 1329 719 1391 εἴπερ
742 1330 995 1395 παρούσης
1020 1327 1108 1393 μὲν
1125 1328 1278 1394 αὐτῆς
1293 1328 1453 1377 πάντα
1469 1325 1656 1392 ἔχομεν,
1680 1325 1907 1392 ἀπούσης

233 1410 284 1461 δὲ
314 1411 472 1460 πάντα
501 1410 773 1475 πράττομεν
804 1410 873 1469 εἰς
903 1410 955 1459 τὸ
987 1411 1170 1475 ταύτην
1200 1410 1341 1476 ἔχειν.

115 1498 208 1544 123
292 1488 354 1540 uA
385 1491 437 1540 δέ
470 1508 545 1540 σοι
577 1498 790 1555 συνεχῶς
820 1492 1177 1557 παρήγγελλον,
1207 1499 1359 1541 ταῦτα
1389 1489 1472 1540 καὶ
1502 1497 1677 1555 πρᾶττε
1708 1489 1790 1540 καὶ
1823 1507 1908 1554 με·

234 1572 357 1637 λέτα,
382 1577 587 1637 στοιχεῖα
611 1578 697 1621 τοῦ
720 1574 878 1630 καλῶς
902 1574 990 1636 ζῆν
1008 1567 1142 1622 ταῦτ’
1159 1567 1287 1622 εἷναι
1307 1569 1672 1636 διαλαμβάνων.
1704 1573 1917 1637 Πρῶτον

170 1675 211 1708 15
235 1652 322 1718 μὲν
360 1654 444 1706 τὸν
482 1653 605 1703 θεὸν
644 1655 770 1715 ζῷον
808 1649 1073 1718 ἄφθαρτον
1110 1653 1193 1704 καὶ
1225 1654 1468 1720 μακάριον
1497 1651 1739 1715 νομίζων,
1779 1650 1847 1712 ὥς
1878 1649 1910 1717 ἧ

125 1750 220 1790 μου
236 1734 377 1798 κοινὴ
409 1743 495 1785 τοῦ
523 1739 648 1784 θεοῦ
674 1733 844 1798 νόησις
867 1732 1148 1800 ὑπεγράφη,
1179 1733 1344 1801 μηθὲν
1369 1735 1487 1799 μήτε
1509 1740 1596 1797 τῆς
1620 1730 1909 1801 ἀφθαρσίας

237 1815 487 1880 ἀλλότριον
526 1816 642 1880 μήτε
681 1823 768 1877 τῆς
810 1816 1163 1881 μακαριότητος
1199 1815 1449 1867 ἀνοίκειον
1487 1814 1618 1882 αὐτῷ
1644 1814 1910 1879 πρόσαπτε·

238 1904 337 1944 πᾶν
377 1895 428 1945 δὲ
465 1897 518 1948 τὸ
558 1897 818 1960 φυλάττειν
856 1895 1011 1946 αὐτοῦ
1047 1897 1326 1963 δυνάμενον
1355 1897 1446 1963 τὴν
1479 1894 1595 1962 μετὰ
1626 1893 1916 1963 ἀφθαρσίας

243 1977 567 2043 μακαριότητα
597 1977 707 2042 περὶ
739 1977 889 2027 αὐτὸν
921 1977 1102 2037 δόξαζε.
1141 1978 1253 2030 θεοὶ
1285 1978 1374 2043 μὲν
1403 1978 1495 2044 γὰρ
1526 1977 1670 2027 εἰσίν”
1707 1975 1918 2044 ἐναργὴς

177 2078 220 2114 ¹0
242 2058 335 2123 γὰρ
382 2057 544 2107 αὐτῶν
591 2058 719 2107 ἐστιν
765 2056 796 2122 ἡ
842 2066 1043 2124 γνῶσις·
1090 2061 1228 2118 οἴους
1275 2056 1320 2110 δ’
1358 2059 1538 2118 αὐτοὺς
1582 2055 1708 2122 (of)
1749 2057 1922 2108 πολλοὶ

315 2186 334 2219 1
367 2192 550 2232 μενοικε
582 2176 698 2219 P¹c0
737 2183 842 2222 ante
873 2191 988 2222 corr.
1018 2178 1121 2233 μὲν·
1155 2195 1252 2224 oms
1284 2184 1317 2223 B
1436 2188 1459 2222 2
1491 2178 1602 2236 μήτε
1639 2175 1742 2229 νέος
1766 2211 1776 2221 .
1803 2210 1815 2221 .
1841 2211 1851 2221 .
1875 2185 1926 2219 lo

243 2233 514 2291 μελλόντωνε
542 2234 743 2280 Clemens
768 2237 843 2281 Al.
866 2236 1025 2281 Strom.
1046 2238 1128 2282 IV
1145 2241 1189 2291 8,
1214 2242 1274 2284 69
1291 2254 1341 2296 p.
1365 2243 1474 2293 279,
1497 2242 1560 2283 18
1584 2236 1648 2282 St.
1709 2244 1732 2279 Β
1755 2235 1922 2292 μελέτω

246 2294 458 2349 B·rzl²³‚
507 2294 637 2340 Glem.
682 2295 776 2338 cod.
818 2295 963 2339 Laur.
1097 2305 1121 2338 4
1153 2298 1365 2352 ὑγιαῖνον
1400 2335 1408 2343 .
1437 2333 1446 2342 .
1471 2332 1482 2342 .
1517 2305 1541 2341 5
1571 2293 1798 2350 ὑπάρχειν
1837 2309 1922 2339 om.

246 2356 305 2395 Ζ(
420 2362 443 2395 4
475 2352 700 2410 ὑγιαίνων
731 2357 765 2395 Β
811 2352 1042 2408 ὑγιαίνειν
1076 2354 1208 2399 C'lem.
1236 2359 1244 2412 Ι
1268 2355 1297 2413 ἦ
1331 2355 1464 2413 μήπω
1497 2355 1553 2399 1²³
1598 2351 1626 2409 ἣ
1659 2354 1794 2410 μήπω
1818 2357 1853 2396 P
1885 2353 1928 2397 εἰ

248 2425 382 2481 μήπω
406 2430 439 2468 Β
478 2412 627 2482 μήπ(ὦ)
652 2426 792 2479 2¹00,
823 2426 957 2471 Clam.
1054 2435 1077 2471 ὅ
1109 2426 1253 2486 ὥραν]
1286 2430 1371 2486 τὴν
1403 2429 1531 2485 ὥραν
1563 2428 1699 2480 Huc„
1730 2428 1815 2471 del.
1849 2426 1924 2471 Us.

366 2492 390 2525 ο
420 2485 501 2542 μὴ]
532 2485 666 2541 μήπω
702 2485 831 2530 Olem.
865 2487 944 2529 vix
973 2491 1224 2531 necessario
1253 2495 1359 2533 ante
1389 2495 1612 2544 παρεῖναι
1706 2495 1726 2528 ἰ
1760 2482 1922 2542 μηκέτ’

253 2543 384 2587 Glem.
418 2544 476 2598 μὴ
507 2549 542 2586 1⁸
575 2549 583 2601 Ι
618 2541 740 2589 εἶναι
772 2544 892 2602 (τὴν
924 2543 1083 2600 ὥραν)
1120 2545 1252 2590 Glem.
1288 2550 1294 2601 Ι
1321 2548 1402 2591 καὶ
1433 2546 1638 2603 νεωτέρῳ
1675 2545 1808 2589 Glem.

251 2609 275 2643 8
321 2599 457 2658 χάριν
502 2604 558 2654 cs.
602 2604 690 2648 Cic.
736 2604 808 2658 De
845 2604 925 2665 fin.
958 2605 989 2646 Ι
1010 2607 1083 2656 19,
1109 2607 1189 2652 62.
1244 2606 1341 2649 Vat.
1370 2609 1439 2649 17.
1474 2607 1532 2649 55
1562 2610 1662 2656 etc„
1710 2603 1922 2657 Pohlenz,

253 2660 440 2703 Hermes
465 2661 557 2705 XL
575 2664 732 2716 (1905)
757 2664 864 2714 287,
890 2662 1114 2718 Biyno‘ne,
1139 2663 1243 2706 Riv.
1261 2664 1312 2706 di
1328 2665 1424 2708 Fil.
1443 2664 1629 2708 XLIII
1642 2664 1817 2716 (1915),
1838 2664 1928 2706 532

371 2725 415 2759 18
446 2719 752 2775 παρήγγειλαν
783 2724 842 2761 Zs
959 2729 1004 2762 14
1035 2727 1179 2763 ταῦτα
1212 2722 1545 2780 διαλαμβάνων
1578 2717 1697 2765 εἶναι
1730 2723 1835 2763 ῈΖῐ

253 2783 299 2818 15
330 2776 436 2820 inde
465 2792 496 2820 a
525 2777 605 2822 τὸν
635 2778 754 2823 θεὸν
784 2779 949 2834 incipit
984 2781 1022 2822 Φ
1110 2787 1159 2821 lo
1190 2779 1335 2835 μηδὲν
1369 2784 1407 2824 Φ
1490 2790 1536 2824 19
1568 2780 1674 2834 περὶ
1707 2776 1851 2836 αὐτὸν
1882 2782 1926 2822 Ω.

254 2848 336 2878 om.
372 2837 429 2878 4⁵:
478 2838 582 2890 περὶ
620 2840 762 2882 αὐτοῦ
805 2837 908 2882 Gob.
947 2839 953 2892 Ι
995 2837 1193 2894 ἐναργὴς
1230 2838 1316 2893 γὰρ
1355 2839 1707 2896 BP²(Qw)co‹1⁵
1745 2839 1807 2883 ἐν.
1839 2839 1924 2895 μὲν

255 2891 341 2946 γὰρ
374 2894 495 2936 2¹21
522 2897 585 2939 ἐν.
618 2896 671 2940 δέ
700 2900 734 2938 F
824 2903 874 2938 20
905 2897 1027 2939 ἐστιν
1057 2897 1212 2941 αὐτῶν
1243 2901 1375 2955 1211
1403 2898 1449 2943 οἱ
1479 2899 1566 2942 ins.
1603 2896 1736 2942 Gass.
