2032 3128
830 111 1172 157 PRAEFATIO
1760 117 1838 162 Vll

154 259 181 288 e
214 242 388 287 istulae
432 241 761 288 inconcinnam
799 246 1082 302 saepiusque
1128 246 1387 290 variantem
1429 247 1656 303 corrigere
1695 250 1836 295 nolui.

196 315 311 358 eque
336 303 460 358 quod
483 299 597 346 fecit
613 301 860 359 Usenerus,
882 304 1064 349 scholia
1085 304 1135 348 in
1155 304 1420 350 inferiorem
1438 307 1619 361 partem
1636 320 1699 363 pa
1737 309 1839 354 ‘nae

153 361 304 419 posui,
336 359 418 405 sed
440 359 588 406 literis
611 360 869 407 minoribus
893 363 1017 408 inter
1040 362 1145 420 ipsa
1168 364 1471 421 epistolarum
1495 365 1636 410 verba
1658 380 1707 410 re
1728 369 1838 425 iqui,

154 420 267 477 quia
311 422 367 464 ut
412 419 510 464 dixi
548 421 606 464 de
647 421 950 478 doxographo
991 422 1049 467 ab
1089 422 1291 480 Epicuro
1330 425 1591 481 separando
1632 426 1835 471 dubitari

153 481 311 537 potest
342 480 390 523 et
419 478 565 523 lector
596 480 834 524 studiosus
866 481 1011 524 malet
1041 482 1142 537 ipse
1173 482 1383 527 iudicare
1414 496 1551 540 posse
1576 498 1718 540 quam
1742 486 1838 529 edi-

154 538 271 583 toris
303 537 571 596 opinionem
602 539 736 596 sequi
768 539 951 583 debere.

226 596 380 642 Etiam
403 597 630 642 Ratarum
653 600 707 642 ut
728 602 854 643 recte
878 598 1179 655 appellantur
1200 599 1545 645 Sententiarum
1569 600 1688 646 liber
1711 605 1837 648 totus

151 658 213 702 ab
252 656 454 714 Epicuro
492 657 594 714 ipso
632 657 869 714 profectus
909 660 1000 712 est,
1049 659 1137 702 etsi
1173 660 1298 716 quod
1344 660 1587 717 inscriptio
1627 660 1836 706 Oenoan-

154 717 310 762 densis
343 715 503 760 docuit
533 717 610 773 (cf.
644 716 855 759 William
886 732 933 774 p.
959 723 1012 761 51
1025 721 1144 774 sqq.)
1185 719 1311 762 vario
1352 719 1514 763 ordine
1546 719 1834 766 tradebatur.

152 775 315 820 Fidem
338 777 387 820 et
410 775 739 821 auctoritatem
763 788 923 819 earum
939 776 970 830 ¹)
988 779 1150 820 contra
1168 776 1422 822 Usenerum
1439 777 1613 822 Hector
1627 778 1837 836 Bignone

151 848 274 879 anno
301 839 414 878 1908
438 834 646 890 (Reudic.
673 833 750 878 del
775 834 828 878 R.
851 834 931 879 Ist.
950 835 1110 881 Lomb.
1130 836 1258 880 Serie
1273 837 1314 880 Π
1338 836 1423 881 vol.
1443 836 1543 882 XLI
1558 853 1601 895 p.
1625 842 1708 882 ‘192
1720 852 1833 895 sqq..

151 893 210 938 cf.
256 908 383 944 ,nunc
424 893 671 951 ‘Epicuro’
721 896 878 951 quq.)
926 894 1062 939 docte
1106 898 1154 940 et
1192 909 1297 939 cum
1336 897 1548 941 acumine
1590 897 1834 954 disputans

148 954 332 998 tutatus
363 957 448 1009 est,
479 957 526 998 et
556 966 644 1011 ego
667 967 774 996 eum
798 954 928 998 novis
952 955 1212 999 rationibus
1238 970 1346 999 usus
1371 958 1556 1000 secutus
1581 971 1698 1010 sum,
1731 970 1834 1001 cum

150 1027 273 1057 anno
307 1017 421 1094 1919
461 1013 519 1057 de
557 1012 768 1056 literaria
803 1027 944 1068 quam
976 1014 1118 1058 hodie
1150 1014 1313 1058 dicunt
1344 1015 1494 1059 forma
1524 1014 1674 1059 libelli
1708 1018 1835 1060 aurei

492 1072 502 1080 .
703 1070 714 1087 ,
910 1071 920 1084 ,
1383 1074 1392 1083 .
1431 1074 1443 1095 ,
1496 1073 1506 1082 .
1554 1092 1563 1101 0

148 1071 818 1189 ἶῗιῖῖῗῖέοξῗίιῖῗώζὲξῇῗ
848 1073 1136 1176 ἕέἒέῃεῖῗὲ
1156 1072 1242 1176 1¹3?
1243 1074 1447 1188 3²35&
1458 1074 1640 1189 ..31²1st
1643 1075 1835 1178 θὲἔὲξῖξῗ

147 1191 325 1236 sionem
373 1194 528 1235 autem
570 1189 915 1235 Sententiarum
954 1205 1238 1248 magnopere
1277 1191 1523 1246 adiuvant,
1567 1206 1687 1248 qnae
1729 1198 1837 1250 post

148 1250 412 1295 absolutam
432 1248 628 1293 Useneri
651 1248 906 1294 editionem
930 1250 1122 1294 inventa
1145 1253 1267 1304 sunt,
1292 1254 1339 1295 et
1359 1251 1605 1308 Inscriptio
1624 1251 1833 1296 Oenoan-

150 1309 308 1354 densis
339 1311 464 1366 (post
494 1307 614 1351 alios
646 1308 719 1352 ed.
752 1308 787 1352 1.
814 1308 1028 1353 William
1062 1311 1194 1364 1907)
1234 1312 1281 1353 et
1313 1309 1672 1368 Gnomologium
1710 1310 1831 1355 Vati·

147 1381 336 1424 canum;
369 1369 515 1412 etiam
546 1366 666 1411 alios
697 1366 823 1412 locos
855 1367 1026 1425 quibus
1058 1368 1185 1425 apud
1212 1368 1461 1425 scriptores
1484 1368 1754 1421 laudantur,
1785 1370 1831 1413 in

147 1427 449 1473 adnotatione
479 1439 587 1471 mea
616 1425 838 1472 invenies.
1814 1436 1822 1439 “

221 1486 415 1544 Epicuri
451 1486 601 1542 ipsius
638 1485 814 1531 libellis
853 1486 1070 1530 subiunxi
1109 1485 1389 1540 Ἐπικούρου
1428 1489 1774 1544 Προσφώνησιν
1788 1489 1833 1542 ³),

147 1561 288 1604 quam
318 1547 369 1591 in
401 1546 561 1591 codice
584 1544 814 1589 Vaticano
845 1560 914 1604 gr.
942 1550 1056 1589 1950
1081 1559 1198 1590 saec.
1224 1546 1340 1590 XIV.
1373 1546 1427 1590 K.
1452 1546 1626 1591 Wotke
1649 1560 1689 1591 a.
1718 1551 1833 1592 1888

146 1606 326 1651 invenit
356 1608 404 1650 et
434 1604 668 1650 Usenerns
699 1604 749 1648 in
780 1604 912 1648 Stud.
946 1603 1410 1648 Vindobonnensium
1441 1605 1527 1649 vol.
1560 1604 1599 1648 X
1631 1606 1830 1662 primum

147 1665 320 1719 edidit,
357 1663 651 1722 praeclarum
691 1663 932 1708 inventum
972 1664 1213 1720 praeclare
1243 1663 1504 1720 praefatus;
1545 1664 1721 1707 ibidem
1753 1664 1829 1709 de-

145 1724 426 1769 monstravit
462 1722 813 1780 gnomologium
845 1722 965 1767 illud
996 1723 1305 1779 compositum
1338 1737 1437 1767 esse
1471 1737 1526 1767 ex
1558 1723 1744 1767 selectis
1776 1723 1827 1768 R.

147 1782 405 1829 Sententiis
445 1786 493 1826 et
531 1782 722 1826 floribus
762 1782 820 1827 de
859 1782 1076 1839 epistulis
1116 1782 1536 1839 quattuor-virorum
1568 1782 1832 1839 principum

145 1845 300 1887 sectae
323 1842 515 1900 Epicuri
538 1841 793 1886 Metrodori
818 1840 1043 1897 Polyaeni
1064 1840 1333 1886 Hermarchi
1359 1840 1605 1897 decerptis.
1638 1841 1831 1885 Useneri

142 1901 290 1946 editio
329 1915 435 1946 cum
470 1900 686 1956 reliquis,
724 1913 844 1955 quae
885 1900 943 1944 de
974 1912 1031 1949 ea
1061 1913 1110 1944 re
1143 1900 1352 1957 scripsit,
1392 1913 1516 1944 nunc
1546 1900 1595 1943 in
1627 1899 1829 1956 Operum

144 1960 378 2005 Minorum
426 1960 526 2004 eius
572 1959 662 2004 vol.
702 1958 724 2002 I
756 1963 840 2003 297
858 1973 957 2014 sqq.
999 1958 1239 2004 commode
1278 1958 1464 2016 legitur.
1526 1958 1624 2017 Ego
1663 1972 1830 2003 novam

147 2019 450 2065 collationem
502 2033 609 2063 cum
655 2018 832 2063 codicis
878 2017 1166 2075 imaginibus
1209 2017 1594 2075 photographicis
1643 2017 1830 2062 institui

143 2081 288 2135 amus
320 2077 502 2123 Wotkii
541 2091 634 2122 non
674 2077 825 2122 solum
856 2077 1206 2122 adnotationem
1238 2090 1395 2121 verum
1426 2077 1570 2121 etiam
1601 2076 1832 2133 Epicurea

143 2138 251 2195 ipsa
282 2138 400 2182 corri
437 2150 512 2181 ere
550 2136 685 2194 potui
724 2136 799 2193 (cf.
840 2152 884 2193 p.
910 2140 990 2190 63,
1016 2141 1071 2181 12
1097 2158 1151 2174 --
1181 2136 1253 2180 Us.
1296 2135 1369 2181 Kl.
1403 2135 1529 2179 Schr.
1563 2135 1582 2178 Ι
1614 2140 1724 2189 315,
1748 2139 1829 2189 Ξδς

144 2201 256 2253 316,
288 2200 348 2252 5).
453 2195 678 2240 tilitatem
723 2208 908 2252 quoque
960 2195 1065 2252 cepi
1112 2208 1167 2238 ex
1209 2194 1612 2239 emendationibus
1652 2207 1681 2238 a
1721 2194 1830 2237 viris

144 2257 190 2301 d.
230 2255 506 2315 propositis3
554 2254 612 2299 cf.
660 2255 793 2311 impr.
843 2254 965 2299 Guil.
1009 2254 1248 2307 Croenert,
1298 2254 1381 2297 ab.
1423 2252 1539 2297 Mus.
1577 2252 1697 2307 LXI,
1743 2252 1827 2296 Tb.

143 2314 397 2373 Gomperz,
435 2314 588 2359 Wien.
630 2313 761 2358 Stud.
794 2313 856 2365 Χ,
903 2313 937 2359 Ι.
968 2313 1026 2358 Η.
1059 2313 1288 2370 Leopold,
1319 2312 1542 2357 Mnemos.
1575 2311 1828 2363 xxxvm,

145 2434 494 2491 Theophrastus
531 2445 680 2488 nuper
717 2432 948 2487 repertus:
989 2430 1120 2475 Neue
1159 2430 1394 2474 meteorol.
1427 2429 1706 2485 Fragments
1748 2428 1849 2471 des*

145 2491 232 2538 Th.
263 2493 313 2537 in
345 2491 611 2549 Sitzungsb.
641 2490 686 2535 d.
709 2489 924 2534 Heidelb.
953 2489 1037 2533 Ak.
1070 2490 1115 2532 d.
1141 2488 1277 2533 Wiss.
1305 2493 1431 2532 1918.
1465 2492 1491 2530 9
1524 2501 1567 2543 p.
1595 2490 1652 2530 30
1676 2485 1826 2541 (Boll).

221 2554 266 2609 1)
298 2551 429 2606 Quae
459 2549 702 2604 Croenert,
739 2548 838 2594 Kol.
874 2563 916 2592 u.
948 2548 1129 2594 Mened.
1170 2563 1214 2606 p.
1246 2553 1318 2601 24,
1352 2552 1434 2591 183
1474 2546 1523 2590 in
1556 2544 1827 2590 Philodemo

145 2611 370 2667 restituit,
399 2623 528 2655 mera
559 2609 827 2655 coniectura
857 2608 1086 2662 nituntur,
1116 2607 1173 2651 cf.
1207 2607 1258 2651 Bi
1328 2620 1427 2659 one,
1462 2604 1589 2662 Epic.
1616 2610 1657 2657 9,
1683 2609 1722 2647 3.

219 2674 265 2726 2)
298 2669 516 2715 Oblocuti
568 2671 677 2713 sunt
727 2681 877 2725 nuper
922 2666 1208 2724 argumentis
1311 2664 1479 2710 ectoris
1525 2662 1736 2720 Bignone
1782 2670 1826 2706 et

147 2728 203 2774 H.
235 2728 386 2782 Diels,
424 2728 659 2773 Deutsche
701 2727 1024 2784 Literaturztg.
1060 2730 1195 2779 1920,
1235 2729 1317 2769 661
1360 2727 1408 2768 et
1452 2722 1505 2766 R.
1538 2721 1826 2778 Philippson,

147 2788 268 2833 Berl.
299 2786 415 2846 phil.
447 2786 612 2832 Woch.
647 2790 776 2840 1920,
813 2790 1059 2842 1028sqq.,
1099 2784 1179 2830 sed
1211 2783 1327 2828 mihi
1358 2797 1451 2827 non
1483 2784 1824 2838 persuaserunt.

221 2849 267 2905 3)
299 2847 366 2892 De
396 2846 537 2892 titulo
568 2845 627 2891 cf.
659 2844 712 2890 Ο.
737 2844 941 2898 Crusius,
972 2843 1137 2889 Rhein.
1168 2843 1285 2887 Mus.
1319 2840 1476 2892 XLIV,
1501 2843 1609 2892 3093
1641 2839 1693 2884 R..
1720 2839 1821 2884 Phi-

147 2906 359 2965 lippson,
391 2906 440 2950 Β.
472 2906 553 2962 ph.
576 2904 651 2950 W.
690 2908 824 2953 1920.
853 2907 979 2948 10³2.
1414 2927 1417 2929 >
