2032 3128
236 114 304 167 10
764 109 1003 155 Emeum
1034 110 1326 155 EPISTULA
1359 113 1379 156 1
1735 119 1915 160 48-50

230 247 456 322 σφ’ζουσα
487 251 576 316 τὴν
607 249 687 301 ἐπὶ
717 258 805 300 τοῦ
837 251 1119 316 στερεμνίου
1149 248 1295 300 θέσιν
1325 250 1408 301 καὶ
1435 252 1572 312 τάξιν
1595 260 1693 303 τῶν
1717 251 1914 319 ἀτόμων

228 333 309 385 ἐπὶ
353 333 512 383 πολὺν
557 331 761 399 χρόνον,
811 331 857 381 εἰ
899 329 982 380 καὶ
1020 329 1173 381 ἐνίοτε
1215 331 1513 398 συγχεομένη
1558 333 1788 401 ὑπάρχει,
1832 334 1914 385 καὶ

230 416 484 474 συστάσεις
515 414 568 464 ἐν
599 418 664 485 τῷ
693 411 962 482 περιέχοντι
993 410 1146 474 ὀξεῖαι
1178 412 1261 464 διὰ
1298 414 1351 464 τὸ
1383 413 1450 480 μὴ
1477 415 1581 465 δεῖν
1603 415 1727 465 κατὰ
1751 416 1916 480 βάθος
1999 472 2005 483 ,-

228 498 282 549 τὸ
308 496 645 563 συμπλήρωμα
668 497 914 561 γίνεσθαι,
946 494 1029 544 καὶ
1051 493 1188 546 ἄλλοι
1213 493 1265 546 δὲ
1290 495 1460 564 τρόποι
1483 495 1612 557 τινὲς
1636 497 1913 563 γεννητικοὶ
1975 538 1978 542 .

184 596 205 630 5
229 587 328 630 τῶν
365 578 599 628 τοιούτων
640 577 840 640 φύσεών
879 577 1015 627 εἰσιν.
1068 577 1227 628 οὐθὲν
1264 577 1356 645 γὰρ
1397 579 1584 629 τούτων
1622 577 1918 646 ἀντιμαρτυ-

230 656 448 726 ρεῖ<ται>
494 663 598 717 ταῖς
644 658 963 724 αἰσθήσεσιν,
1008 657 1073 708 ἂν
1120 658 1274 729 βλέπῃ
1319 679 1413 724 τις,
1459 660 1570 709 τίνα
1607 659 1790 725 τρόπον
1829 659 1916 721 τὰς

230 740 479 809 ἐναργείας
523 738 648 804 [ἵνα]
690 739 774 790 καὶ
811 740 899 800 τὰς
937 742 1253 805 συμπαθείας
1292 739 1388 791 ἀπὸ
1426 747 1524 790 τῶν
1561 740 1749 800 ἔξωθεν
1792 741 1917 808 πρὸς

232 821 361 890 ἡμᾶς
392 821 589 872 ἀνοίσει.

141 905 205 953 49
303 908 398 955 Δεῖ
424 903 475 954 δὲ
506 904 588 955 καὶ
621 905 835 969 νομίζειν
867 902 1165 963 ἐπεισιόντος
1195 903 1327 964 τινὸς
1358 903 1455 955 ἀπὸ
1487 913 1585 955 τῶν
1615 905 1803 966 ἔξωθεν
1827 904 1914 966 τὰς

163 1006 206 1039 ιο
229 986 424 1054 μορφὰς
464 985 585 1054 ὁρᾶν
623 984 754 1052 ἡμᾶς
793 985 876 1036 καὶ
917 986 1247 1036 διανοεῖσθαι·
1288 985 1348 1036 οὐ
1379 985 1472 1052 γὰρ
1503 985 1567 1035 ἂν
1597 987 1914 1055 ἐναποσφρα-

227 1070 411 1136 γίσαιτο
449 1067 508 1117 τὰ
547 1067 637 1129 ἔξω
676 1068 768 1132 τὴν
806 1067 995 1118 ἑαυτῶν
1033 1068 1190 1131 φύσιν
1226 1074 1315 1117 τοῦ
1349 1085 1398 1117 τε
1429 1068 1679 1136 χρώματος
1709 1067 1793 1118 καὶ
1823 1076 1911 1134 τῆς

229 1158 425 1219 μορφῆς
464 1150 545 1200 διὰ
584 1157 673 1200 τοῦ
712 1147 856 1217 ἀέρος
894 1156 983 1199 τοῦ
1022 1147 1200 1214 μεταξὺ
1235 1146 1377 1214 ἡμῶν
1407 1168 1456 1200 τε
1486 1148 1754 1215 κάκείνων,
1795 1149 1912 1201 οὐδὲ

229 1231 311 1282 διὰ
362 1240 460 1281 τῶν
511 1230 724 1282 ἀκτίνων
773 1229 806 1296 ἢ
854 1225 925 1280 ὧν
972 1230 1153 1295 δήποτε
1190 1230 1446 1296 ῥευμάτων
1483 1226 1574 1295 ἀφ’
1611 1229 1753 1295 ἡμῶν
1793 1231 1918 1299 πρὸς

231 1313 391 1363 ἐκεῖνα
433 1311 866 1380 παραγινομένων,
913 1312 1070 1372 οὕτως
1101 1310 1168 1372 ὡς
1205 1313 1375 1362 τύπων
1415 1319 1565 1362 τινῶν
1602 1311 1915 1363 ἐπεισιόντων

115 1426 145 1456 p.
170 1415 212 1448 ι’.»
229 1392 348 1460 ἡμῖν
379 1394 476 1446 ἀπὸ
508 1402 606 1445 τῶν
633 1394 931 1462 πραγμάτων
955 1391 1209 1461 ὁμοχρόων
1233 1412 1279 1459 τε
1303 1393 1386 1444 καὶ
1411 1392 1764 1462 ὁμοιομόρφων
1787 1394 1912 1445 κατὰ

161 1504 203 1538 16
226 1476 279 1526 τὸ
318 1475 613 1543 ἐναρμόττον
653 1475 860 1543 μέγεθος
890 1475 960 1536 εἰς
991 1475 1082 1540 τὴν
1114 1473 1236 1539 ὄψιν
1265 1472 1298 1539 ἢ
1329 1475 1420 1540 τὴν
1452 1476 1704 1540 διάνοιαν,
1744 1473 1908 1536 ὠκέως

137 1570 202 1615 50
225 1565 329 1620 ταῖς
359 1564 540 1626 φοραῖς
571 1557 853 1625 χρωμένων,
893 1552 995 1607 εἶτα
1035 1557 1119 1607 διὰ
1148 1558 1333 1622 ταύτην
1363 1556 1456 1622 τὴν
1486 1557 1647 1606 αἰτίαν
1677 1565 1766 1607 τοῦ
1797 1556 1910 1617 ἑνὸς

226 1641 308 1691 καὶ
332 1649 567 1708 συνεχοῦς
588 1641 679 1706 τὴν
703 1641 981 1704 φαντασίαν
1004 1638 1346 1690 ἀποδιδόντων
1369 1638 1451 1689 καὶ
1475 1639 1566 1704 τὴν
1589 1641 1910 1705 συμπάθειαν

227 1722 323 1773 ἀπὸ
361 1730 447 1773 τοῦ
487 1721 814 1787 ὑποκειμένου
855 1721 1111 1791 σωζόντων
1141 1720 1263 1771 κατὰ
1292 1720 1379 1771 τὸν
1408 1719 1601 1771 ἐκεῖθεν
1633 1721 1910 1789 σύμμετρον

161 1830 205 1863 80
228 1802 511 1871 ἐπερεισμὸν
549 1804 603 1853 ἐκ
644 1811 731 1868 τῆς
768 1803 890 1852 κατὰ
921 1803 1085 1868 βάθος
1114 1802 1168 1853 έν
1199 1807 1264 1873 τῷ
1293 1803 1553 1871 στερεμνίῳ
1585 1810 1682 1851 τῶν
1712 1801 1911 1867 ἀτόμων

229 1885 460 1946 πάλσεως.
500 1884 583 1934 καὶ
615 1882 679 1949 ἣν
710 1883 773 1934 ἂν
803 1884 1031 1950 λάβωμεν
1062 1884 1340 1947 φαντασίαν
1371 1882 1692 1948 ἐπιβλητικῶς
1722 1891 1780 1954 τῇ
1806 1884 1915 1933 δια·

227 1968 337 2036 νοίᾳ
382 1965 415 2032 ἢ
461 1972 563 2027 τοῖς
605 1966 950 2031 αἰσθητηρίοις
993 1966 1084 2016 εἴτε
1130 1973 1328 2034 μορφῆς
1369 1965 1461 2015 εἴτε
1509 1964 1912 2030 συμβεβηκότων,

301 2155 324 2190 5
355 2148 761 2204 ἀντιμαρτυρεῖται
793 2149 1000 2205 Brieqer,
1043 2147 1132 2201 U8.‚
1167 2147 1301 2191 Weil:
1344 2147 1675 2202 ἀντιμαρτυρεῖ
1702 2148 1914 2188 Brcozf

262 2214 451 2261 αρτυρεῖ
479 2212 513 2250 Ε
606 2216 624 2250 7
659 2204 894 2263 ἐνεργείας
923 2209 983 2261 Ω,
1016 2220 1129 2252 corr.
1165 2205 1294 2250 Gass.
1324 2207 1332 2262 Ι
1359 2203 1440 2249 ἵνα
1471 2206 1613 2250 delevi
1643 2204 1788 2248 dubia
1818 2217 1908 2248 me-

255 2266 353 2310 ela:
385 2263 492 2310 τίνα
537 2266 609 2311 Us.
641 2264 749 2311 τίνα
772 2271 879 2322 post
910 2267 989 2310 καὶ
1016 2280 1113 2323 pos.
1146 2265 1314 2310 Heidel
1396 2273 1420 2308 8
1452 2262 1616 2320 ἀνοίση
1647 2267 1856 2306 Pcorzt

241 2339 254 2367 t
294 2324 551 2376 ἐπισιόντος
588 2331 623 2368 13·
686 2325 958 2375 ἐπιστάντος
1004 2329 1038 2368 B
1080 2327 1088 2381 Ι
1130 2324 1212 2378 ἔξω
1253 2329 1287 2367 F
1341 2323 1518 2378 ἔξωθεν
1565 2320 1910 2381 <τυπώματος>

230 2383 383 2428 Croen.
457 2393 504 2427 lo
536 2382 597 2429 ἂν
619 2383 1073 2441 ἐναποσφραγίσαιτο
1099 2384 1250 2429 Cobet:
1276 2381 1307 2426 ἃ
1331 2384 1416 2439 μὲν
1441 2383 1642 2439 ἀποσφρ.
1667 2380 1914 2424 BPcon¹

228 2440 288 2487 ἂν
320 2443 522 2499 ἀποσφρ.
554 2443 636 2487 2⁸1
717 2452 830 2499 usq.
864 2449 1024 2488 eontra
1054 2443 1363 2487 Democritum
1395 2441 1508 2486 dicit
1596 2448 1714 2496 lzsq.
1747 2445 1909 2484 contra

228 2502 542 2558 Empedoclem
573 2507 618 2553 et,
644 2503 760 2547 alios
785 2504 1010 2560 (Doxoyr.
1046 2502 1125 2547 Gr.
1151 2516 1201 2558 p.
1227 2504 1343 2556 403;
1379 2500 1598 2545 Geminus
1627 2499 1850 2544 laudatus
1879 2513 1911 2543 a

231 2561 488 2615 Gro'enerto,
527 2562 613 2607 Rh.
650 2562 716 2605 M.
749 2563 909 2606 LXII
928 2565 1039 2614 128)
1076 2564 1083 2618 Ι
1116 2561 1229 2619 τῶν]
1261 2567 1402 2605 τινῶν
1443 2559 1514 2604 Us.
1550 2561 1557 2615 Ι
1592 2557 1706 2602 οἴων
1739 2557 1912 2614 δήποτε

275 2619 418 2663 ³P³zf
438 2618 540 2665 οἷον
565 2619 741 2676 δήποτε,
760 2620 817 2663 13¹
880 2629 924 2663 14
947 2618 1339 2677 παραγενομένων
1361 2622 1438 2661 BF
1459 2618 1463 2666 Ι
1485 2618 1548 2662 ad
1570 2622 1723 2674 14sqq.
1739 2619 1797 2672 cf.
1819 2617 1908 2673 Ep.

233 2681 312 2751 H.'
336 2679 443 2733 φύσ.
474 2681 546 2748 ΙΙ.
566 2681 619 2724 in
650 2681 768 2736 Pap.
803 2680 938 2724 Herc.
968 2683 1085 2724 1010
1117 2679 1197 2754 (V,.
1231 2678 1320 2722 H.²
1354 2678 1420 2722 VI
1444 2680 1625 2734 753qq.)
1724 2685 1771 2720 15
1803 2674 1910 2732 ὁμο-

228 2738 600 2843 ξέοάοέοιξιίδῗὶᾕω
608 2738 732 2843 ῗπῧε
744 2736 1593 2853 χεράἴτέδῖδόντοέαἔχέιικόςσξέόῗτωῖι
1615 2737 1911 2847 ῧεξΙσΙώΒζον-

228 2871 308 2907 τος
338 2859 382 2900 Ω.
499 2865 542 2900 21
573 2854 779 2907 πάλσεως
809 2857 905 2902 cod.
937 2861 1014 2899 ΤΒ
1052 2855 1298 2914 π[λάσεως]
1330 2855 1387 2897 B'
1424 2854 1632 2906 πλάσεως
1660 2856 1867 2897 PGonf
1898 2852 1907 2910 f

229 2911 290 2959 ἂν
321 2914 533 2974 λάβωμεν
563 2916 658 2961 cod.
690 2920 767 2958 ‘tn
800 2915 1107 2973 ἀναλάβωμεν
1139 2918 1390 2958 BPconf
