2032 3128
230 104 298 156 62
649 100 1096 146 GNOMOLOGIUM
1129 100 1491 145 VATICANUM

308 246 370 292 15
395 242 535 305 ’Ήθη
559 241 720 305 ὥσπερ
751 240 807 289 τὰ
831 238 973 304 ἡμῶν
997 239 1161 289 αὐτῶν
1186 240 1286 289 ἴδια
1311 247 1541 303 τιμῶμεν,
1572 237 1634 288 ἄν
1658 257 1707 289 τε
1730 239 1915 306 χρηστὰ

229 325 407 388 ἔχωμεν
446 321 528 371 καὶ
566 320 664 371 ὑπὸ
700 329 797 371 τῶν
832 320 1116 388 ἀνθρώπων
1149 322 1445 385 ζηλούμενα,
1482 318 1547 369 ἄν
1578 338 1626 370 τε
1659 319 1746 384 μή·
1781 320 1908 370 οὕτω

230 405 316 469 χρὴ
350 403 433 453 καὶ
464 401 593 468 (τά)
624 410 720 452 τῶν
751 401 916 467 πέλας,
946 400 1010 451 ἂν
1041 400 1266 460 ἐπιεικεῖς
1297 395 1431 450 ὦσιν.

305 487 370 534 16
410 483 588 543 Οὐδεὶς
618 482 812 549 βλέπων
835 483 887 534 τὸ
911 483 1066 533 κακὸν
1091 482 1295 548 αἱρεῖται
1319 481 1455 544 αὐτό,
1486 481 1606 531 ἀλλὰ
1630 482 1908 542 δελεασθεὶς

161 583 180 614 5
228 565 293 624 ὡς
332 565 507 633 ἀγαθῷ
540 563 680 629 (ὄντι
717 563 848 635 αὐτῷ
883 564 964 613 καὶ
1005 564 1095 614 οὐκ
1134 561 1457 627 ἀποβλέψας)
1494 562 1618 629 πρὸς
1655 563 1707 614 τὸ
1743 564 1912 628 μεῖζον

228 647 380 696 αὐτοῦ
411 646 565 696 κακὸν
597 645 868 710 ἐθηρεύθη.

306 731 369 776 17
409 726 482 776 Οὐ
525 726 631 786 νέος
670 727 988 793 μακαριστός,
1024 725 1146 775 ἀλλὰ
1185 725 1341 791 γέρων
1380 724 1630 791 βεβιωκὼς
1659 729 1838 784 καλῶς·
1879 724 1905 774 ὅ

227 808 317 874 γὰρ
350 807 460 866 νέος
492 807 654 872 ἀκμὴν
686 808 841 868 πολὺς
871 807 970 858 ὑπὸ
1002 815 1088 872 τῆς
1119 808 1268 872 τύχης
1299 806 1636 874 ἕτεροφρονῶν
1661 807 1906 866 πλάζεται·

227 889 251 938 ὅ
285 888 337 938 δὲ
369 890 525 955 γέρων
555 891 781 956 καθάπερ
813 890 866 940 ἐν
897 888 1054 954 λιμένι
1083 893 1148 958 τῷ
1169 888 1295 958 γήρᾳ
1319 889 1635 954 καθώρμικεν
1657 887 1715 936 τὰ
1737 888 1934 957 πρότε».

160 987 202 1019 10
228 989 316 1035 ρον
350 972 792 1035 δυσελπιστούμενα
817 979 915 1021 τῶν
939 969 1147 1036 ἀγαθῶν
1170 968 1384 1034 ἀσφαλεῖ
1400 970 1716 1029 κατακλείσας
1737 968 1908 1035 χάριτι.

303 1056 368 1100 18
401 1046 792 1117 Ἀφαιρουμένης
823 1052 1115 1119 προσόψεως
1139 1049 1221 1100 καὶ
1249 1049 1440 1115 ὁμιλίας
1466 1050 1550 1100 καὶ
1577 1065 1904 1117 συναναστρο-

227 1141 329 1197 φῆς
360 1131 575 1182 ἐκλύεται
605 1133 659 1182 τὸ
690 1133 922 1198 ἐρωτικὸν
954 1134 1135 1191 πάθος.

305 1217 368 1262 19
416 1217 516 1262 Τοῦ
562 1215 815 1280 γεγονότος
856 1213 1098 1279 ἀμνήμων
1140 1212 1339 1279 ἀγαθοῦ
1382 1212 1540 1279 γέρων
1578 1213 1788 1277 τήμερον
1828 1231 1906 1279 γε·

226 1313 434 1359 γενηται.

76 1402 83 1410 ·
165 1390 204 1421 ¹5
305 1379 374 1425 20
411 1380 518 1424 Τῶν
549 1377 831 1441 ἐπιθυμιῶν
863 1378 918 1426 αἱ
946 1375 1034 1440 μέν
1065 1377 1157 1425 εἰσι
1189 1375 1398 1439 φυσικαὶ
1429 1375 1511 1425 καὶ
1541 1374 1826 1442 ἀναγκαῖαι,
1858 1377 1916 1424 αἲ

226 1456 276 1505 δὲ
317 1458 524 1518 φυσικαὶ
564 1456 652 1521 μὲν
693 1459 783 1508 οὐκ
823 1457 1085 1523 ἀναγκαῖαι
1125 1457 1202 1519 δέ,
1243 1459 1299 1507 αἱ
1331 1456 1384 1507 δὲ
1417 1455 1526 1506 οὔτε
1559 1456 1767 1519 φυσικαὶ
1797 1455 1906 1506 οὔτε

225 1536 485 1604 ἀναγκαῖαι
517 1537 637 1587 ἀλλὰ
668 1539 801 1605 παρὰ
831 1539 981 1603 κενὴν
1014 1539 1165 1599 δόξαν
1195 1539 1462 1605 γινόμεναι.

299 1622 364 1667 21
405 1619 479 1668 Οὐ
512 1620 736 1684 βιαστέον
766 1621 858 1684 τὴν
890 1620 1046 1685 φύσιν
1070 1620 1190 1669 ἀλλὰ
1214 1618 1456 1669 πειστέον·
1489 1621 1719 1684 πείσομεν
1744 1616 1796 1668 δὲ
1819 1618 1907 1678 τὰς

224 1698 491 1766 ἀναγκαίας
532 1699 802 1765 ἐπιθυμίας
840 1701 1220 1767 ἐκπληροῦντες,
1267 1703 1352 1761 τάς
1391 1720 1440 1751 τε
1479 1697 1696 1763 φυσικὰς
1737 1697 1799 1748 ἂν
1839 1700 1907 1763 μὴ

160 1793 202 1824 20
227 1781 490 1845 βλάπτωσι,
520 1778 609 1841 τὰς
640 1780 692 1831 δὲ
724 1782 966 1849 βλαβερὰς
997 1791 1182 1847 πικρῶς
1211 1782 1496 1849 ἐλέγχοντες.

299 1866 365 1910 22
397 1857 454 1911 Ὁ
492 1860 691 1929 ἄπειρος
728 1864 903 1930 χρόνος
942 1863 1024 1912 καὶ
1065 1861 1090 1911 ὃ
1129 1863 1492 1931 πεπερασμένος
1531 1864 1646 1926 ἴσην
1684 1861 1779 1927 ἔχει
1818 1861 1910 1926 τὴν

222 1940 429 2007 ἡδονήν,
438 1943 526 1992 ἐάν
541 1963 612 2002 τις
627 1941 793 2009 ὀρθῶς
807 1945 960 2009 αὐτῆς
973 1943 1031 1993 τὰ
1047 1943 1228 2010 πέρατα
1245 1944 1581 2011 καταμετρήσῃ
1596 1948 1663 2011 τῷ
1680 1946 1909 2011 λογισμῷ.

300 2027 366 2072 23
403 2027 549 2073 Πᾶσα
588 2026 729 2087 φιλία
769 2022 835 2075 δι’
863 2025 1047 2089 ἑαυτὴν
1078 2025 1263 2089 αἱρετή·
1306 2024 1460 2090 ἀρχὴν
1492 2023 1543 2072 δὲ·
1577 2024 1777 2087 εἴληφεν
1807 2021 1909 2073 ἀπὸ

225 2112 307 2167 τῆς
340 2103 588 2168 ὠφελείας.

296 2254 315 2287 ι
348 2243 444 2302 ἤθη
478 2247 559 2290 del.
594 2248 732 2302 Leop.
825 2257 848 2292 8
879 2249 1135 2303 ζηλούμενοι
1168 2249 1284 2292 Weil
1297 2265 1307 2290 ε
1339 2247 1603 2303 ζηλούμεθα
1635 2248 1734 2293 Vat.
1766 2248 1908 2304 ζηλώ-

224 2307 347 2357 μιθα
380 2304 467 2348 Wi.
583 2314 607 2346 8
637 2306 694 2349 τὰ
726 2308 812 2350 ins.
845 2307 977 2364 Wesl,
1011 2307 1099 2351 Wi.
1127 2309 1135 2363 Ι
1161 2306 1438 2357 ἀνεπιεικῶς
1470 2307 1584 2356 Vnt..
1617 2319 1730 2352 corr.
1772 2306 1845 2351 Ue.

223 2371 246 2405 ⁵
277 2363 452 2407 hiatum
482 2366 642 2409 notavi
671 2370 713 2409 et
743 2379 809 2409 ex.
843 2381 878 2410 c.
911 2366 1105 2423 explevi:
1138 2362 1328 2422 ἀγαθὸν
1356 2365 1533 2419 προσὸν
1563 2366 1716 2421 μεῖζον
1740 2362 1800 2409 ἂν
1823 2371 1909 2409 τοῦ

231 2421 304 2465 U8.
353 2422 521 2481 ἀγαθῷ
569 2422 688 2478 πρός
726 2440 768 2467 τι
808 2428 961 2480 μεῖζον
1000 2425 1145 2469 αὐτοῦ
1183 2423 1333 2468 κακὸν
1373 2425 1556 2479 Groen.;
1601 2426 1660 2480 cf.
1703 2425 1791 2470 Cic.
1833 2425 1910 2468 De

224 2482 301 2531 tin.
335 2481 366 2522 I
393 2484 466 2534 10,
491 2484 563 2525 33.
595 2486 668 2536 14,
691 2486 752 2526 47
892 2492 917 2526 8
948 2483 1054 2535 νέος
1090 2483 1244 2539 ἀκμὴν
1287 2483 1464 2529 Crem:
1503 2483 1607 2534 νέος
1646 2484 1769 2541 ἀκμῇ
1804 2483 1905 2528 Vat.

225 2539 344 2592 quod
373 2541 534 2583 retinet
565 2541 702 2597 Leop.
737 2541 866 2592 ἐντὸς
895 2545 1045 2598 ἀκμῆς
1077 2542 1149 2588 Us.
1178 2544 1185 2599 Ι
1211 2541 1358 2587 πολλὰ
1388 2543 1556 2587 Παντεῖ
1655 2551 1703 2584 ιο
1734 2540 1907 2599 χάρακι

230 2596 414 2650 Har-tob
451 2603 610 2643 contra
640 2600 804 2656 Leop„
848 2601 1003 2646 Croen.
1045 2603 1127 2658 qui
1154 2601 1232 2655 cst.
1257 2616 1308 2658 p.
1339 2605 1412 2656 44,
1436 2605 1468 2646 8
1598 2609 1644 2643 18
1676 2602 1733 2655 cf.
1775 2599 1909 2652 Wea,

223 2655 387 2699 Joum.
436 2657 479 2699 d.
523 2658 627 2703 Sav.
666 2662 816 2713 1888,
849 2664 936 2706 661
986 2662 994 2715 Ι
1045 2658 1228 2719 <ὂ>τοῢ
1270 2660 1352 2705 Go.
1395 2668 1401 2711 ι
1449 2661 1731 2717 ἀμνημονῶν
1770 2658 1860 2703 Wi.
1895 2664 1902 2715 Ι

225 2714 413 2768 ἀγαθοῦ
439 2715 622 2760 Hand:
655 2718 840 2771 ἀγαθὸς
873 2719 972 2763 ναι.
1052 2727 1097 2762 15
1121 2740 1177 2756 =
1201 2718 1323 2765 Sem.
1348 2719 1534 2764 XXIX
1605 2725 1652 2761 ιε
1681 2716 1766 2768 τάς
1790 2714 1907 2776 (τ’)

233 2771 305 2817 Us.
380 2780 424 2815 ει
449 2794 503 2809 =
529 2775 647 2818 δοκι.
675 2776 806 2819 XIX
863 2779 943 2822 καὶ
975 2777 1000 2821 ὁ
1032 2778 1377 2835 πεπερασμένος
1398 2783 1507 2834 post
1527 2775 1707 2834 ἡδονήν
1728 2781 1904 2832 tramp.

225 2831 285 2873 D.
318 2830 473 2874 Lacr-t.
622 2840 668 2875 88
699 2837 756 2889 cf.
889 2837 896 2845 '
954 2850 1052 2880 reos
1092 2836 1319 2882 Ciceronis
1365 2838 1430 2880 De
1463 2837 1541 2890 fin.
1577 2836 1608 2878 1
1633 2837 1710 2887 20,
1735 2837 1807 2878 69.
1856 2834 1909 2877 ῘῙ

223 2892 299 2941 26,
323 2892 387 2931 82
411 2891 418 2943 1
446 2890 583 2945 ἀρετή
616 2891 731 2945 Vat„
765 2907 875 2938 corr.
919 2896 990 2939 Us.
1287 2937 1292 2942 .
