2032 3128
250 133 325 185 40
785 130 1023 176 Emcnm
1053 129 1348 174 EPISTULA
1377 129 1421 174 11
1696 134 1936 176 109—110

258 278 442 337 φεροῦς
463 278 794 335 σχηματισμοῦ
818 269 872 319 ἐκ
893 276 981 320 τοῦ
1004 269 1201 333 ὕδατος,
1232 267 1448 318 σύνωσιν
1473 265 1526 318 δὲ
1548 275 1647 318 τῶν
1670 271 1934 335 σκαληνῶν

254 351 336 402 καὶ
362 350 643 418 ὀξυγωνίων
667 359 764 400 τῶν
788 350 841 401 ἕν
865 355 931 420 τῷ
954 351 1096 401 ὕδατι
1121 349 1460 415 ὑπαρχόντων·
1492 348 1577 399 καὶ
1599 349 1723 400 κατὰ
1746 350 1933 411 ἔξωθεν

254 431 305 483 δὲ
336 441 432 482 τῶν
464 432 699 482 τοιούτων
730 432 1035 498 πρόσκρισιν,
1066 430 1099 480 ἃ
1130 430 1494 481 συνελασθέντα
1522 433 1673 496 πῆξιν
1703 437 1770 504 τῷ
1790 432 1935 483 ὕδατι
1996 467 2002 480 ,

252 514 595 578 παρεσκεύασε,
626 512 756 563 ποσὰ
787 521 884 563 τῶν
914 520 1193 579 περιφερῶν
1223 511 1547 575 ἐκθλίψαντα.

199 608 240 641 61
323 584 437 659 Ἶρις
475 595 657 661 γίνεται
695 594 817 645 κατὰ
849 594 1167 659 πρόσλαμψιν
1199 589 1345 660 [ὑπὸ]
1378 602 1466 644 τοῦ
1497 591 1640 659 ἡλίου
1669 593 1794 662 πρὸς
1817 594 1936 663 ἀέρα
2024 610 2026 612 ’

207 696 227 728 c
253 674 534 742 ὖδατοειδῆᾖ·
583 674 616 741 ἢ
650 675 785 725 ’κατὰ
830 671 1013 741 [ἀέρος]
1053 676 1209 738 φύσιν
1253 674 1390 725 ἰδίαν
1427 683 1516 725 τοῦ
1557 695 1608 726 τε
1650 675 1814 740 φωτὸς
1851 676 1936 727 καὶ

249 764 336 806 τοῦ
370 755 527 822 ἀέρος,
559 755 590 820 ἢ
623 756 680 805 τὰ
711 764 808 806 τῶν
839 757 1104 822 χρωμάτων
1135 756 1323 806 τούτων
1356 756 1595 820 ἰδιώματα
1625 756 1818 820 ποιήσει
1841 749 1940 816 εἴτε

249 838 408 887 πάντα
451 838 542 887 εἴτε
584 839 874 903 μονοειδῶς,
913 831 1002 900 ἀφ’
1031 830 1091 886 οὗ
1129 837 1279 887 πάλιν
1317 834 1696 904 ἀπολάμποντος
1725 837 1782 887 τὰ
1815 836 1934 903 ὁμο-

253 926 435 980 ροῦντα
475 926 563 969 τοῦ
602 917 744 985 ἀέρος
783 927 963 984 χρῶσιν
1001 919 1185 982 ταύτην
1223 917 1456 983 λήψεται,
1495 919 1608 969 οἵαν
1645 924 1940 987 θεωροῦμεν

200 1003 232 1048 0
256 1040 265 1048 .
294 1039 304 1049 .
331 1039 339 1048 .
369 1038 379 1048 .
403 999 524 1049 κατὰ
555 1000 872 1065 πρόσλαμψιν
903 1000 1025 1067 πρὸς
1055 999 1112 1049 τὰ
1146 999 1283 1065 μέρη.
1326 1000 1391 1050 Τὸ
1423 998 1476 1050 δὲ
1506 1008 1593 1066 τῆς
1623 1002 1939 1068 περιφερείας4

188 1102 227 1135 ιι
253 1082 428 1132 τούτου
470 1083 731 1147 φάντασμα
772 1082 955 1148 γίνεται
986 1081 1068 1131 διὰ
1099 1081 1152 1132 τὸ
1183 1081 1236 1132 τὸ
1270 1081 1512 1146 διάστημα
1541 1082 1794 1133 πάντοθεν
1824 1083 1937 1134 ἴσον

252 1161 349 1212 ὑπὸ
375 1171 461 1227 τῆς
487 1161 650 1224 ὄψεως
672 1167 992 1229 θεωρεῖ-σθαι,
1014 1161 1047 1228 ἢ
1073 1164 1290 1214 σύνωσιν
1313 1163 1548 1228 τοιαύτην
1571 1166 1935 1230 λαμβανουσῶν

250 1252 348 1293 τῶν
388 1244 440 1294 ἐν
479 1250 544 1313 τῷ
579 1243 684 1311 ἀέρι
713 1242 979 1309 <ἀ>τόμων
1018 1243 1051 1309 ἢ
1082 1245 1137 1294 ἕν
1167 1250 1270 1304 τοῖς
1302 1244 1502 1308 νέφεσιν
1533 1244 1631 1295 ἀπὸ
1661 1254 1749 1296 τοῦ
1779 1246 1936 1296 αὐτοῦ

251 1323 393 1391 ἀέρος
455 1321 882 1391 [προσφερομένου
935 1326 1058 1393 πρὸς
1110 1327 1202 1391 τὴν
1255 1321 1490 1392 σελήνην]
1545 1325 1941 1393 ἀποφερομένων

190 1424 227 1458 1⁶
258 1403 494 1471 [ἀτόμων]
536 1405 847 1474 περιφέρειάν
885 1427 995 1458 τινα
1025 1409 1297 1458 καθίεσθαι
1326 1406 1418 1470 τὴν
1449 1407 1704 1475 σύγκρισιν
1733 1409 1938 1473 ταύτην.

312 1484 470 1547 ’Ἀλως
501 1487 610 1553 περὶ
641 1488 732 1553 τὴν
763 1489 975 1554 σελήνην
1004 1490 1187 1556 γίνεται
1216 1486 1321 1556 [καὶ
1343 1485 1491 1555 κατὰ]
1515 1489 1768 1540 πάντοθεν
1792 1489 1937 1559 ἀέρος

254 1568 657 1635 προσφερομένου
697 1570 820 1637 πρὸς
858 1570 948 1635 τὴν
987 1571 1199 1636 σελήνην
1239 1568 1272 1637 ἢ
1312 1570 1368 1620 τὰ
1407 1567 1493 1623 ἀπ’
1522 1570 1677 1636 αὐτῆς
1720 1572 1936 1638 ῥεύματα

253 1648 600 1715 ἀποφερόμενα
644 1648 834 1716 ὁμαλῶς
877 1650 1251 1713 ἀναστέλλοντος
1293 1652 1372 1703 ἐπὶ
1418 1660 1653 1703 τοσοῦτον
1694 1649 1776 1717 ἐφ’
1816 1653 1939 1704 ὅσον

251 1731 412 1801 κύκλῳ
458 1740 740 1797 περιστῆσαι
786 1732 840 1783 τὸ
886 1732 1137 1798 νεφοειδὲς
1182 1742 1325 1785 τοῦτο
1371 1733 1454 1784 καὶ
1498 1734 1564 1799 μὴ
1603 1733 1656 1784 τὸ
1695 1735 1934 1802 παράπαν

186 1830 229 1862 πο
253 1812 522 1878 διακρῖναι,
559 1810 592 1876 ἢ
631 1812 714 1863 καὶ
753 1814 838 1863 τὸν
877 1813 1012 1880 πέριξ
1053 1815 1208 1880 αὐτῆς
1247 1814 1366 1882 ἀέρα
1403 1814 1777 1876 ἀναστέλλοντος
1810 1831 1935 1881 συμ-

325 1991 349 2025 8
382 1983 738 2029 συντελεσθέντα
762 1991 797 2029 P
829 1986 1148 2032 συνελαθέντα
1175 1987 1307 2033 Gass.
1416 1997 1439 2031 5
1471 1986 1562 2033 ὑπὸ
1595 2002 1678 2033 om.
1703 1993 1751 2044 F,
1784 1988 1936 2042 Βάκι,

259 2041 331 2086 Ue.
422 2051 446 2085 ο
477 2041 581 2087 κατ’
610 2043 744 2099 ἀέρος
777 2045 918 2101 φύσιν
949 2047 1012 2105 Ω]
1045 2045 1182 2100 ἀέρος
1215 2061 1270 2093 ex
1299 2062 1360 2092 vs.
1393 2050 1596 2104 sequenti
1627 2049 1934 2104 anticipatum

251 2100 335 2144 del.
363 2101 491 2146 Gass.
519 2102 638 2146 κατὰ
661 2110 827 2158 κρᾶσιν
858 2106 957 2160 Us.;
989 2107 1045 2161 cf.
1077 2108 1202 2151 Plin.
1228 2108 1289 2151 N.
1316 2107 1380 2150 H.
1406 2108 1469 2151 11
1490 2111 1578 2152 150
1638 2115 1662 2151 8
1693 2104 1936 2163 μονοειδές

254 2159 384 2204 Θαεε.
414 2163 420 2216 Ι
449 2159 535 2215 ἀφ’
565 2158 618 2205 οὗ
645 2196 656 2206 .
683 2197 691 2206 .
720 2197 728 2206 .
753 2172 801 2206 10
831 2163 945 2221 μέρη
977 2165 1180 2219 turbata;
1222 2167 1327 2221 fort.
1361 2163 1446 2223 ἀφ’
1477 2163 1533 2211 οὗ
1564 2169 1656 2211 κτλ.
1686 2171 1789 2223 post
1818 2165 1935 2209 ὑδα-

248 2220 406 2276 τοειδῆ
431 2224 485 2274 (υ.
515 2222 559 2275 6)
577 2223 794 2277 ponenda
816 2230 926 2268 sunt
995 2233 1021 2267 0
1051 2232 1198 2269 ταῦτα
1221 2229 1335 2281 rzf,
1367 2242 1423 2282 γρ
1447 2227 1500 2270 in
1522 2241 1607 2284 my.
1632 2225 1689 2268 1³⁸
1710 2224 1937 2281 τοιαύτην

259 2276 330 2321 Πε.
456 2287 503 2321 10
534 2282 728 2337 cogitavi
758 2283 812 2326 de
843 2280 942 2342 <ἢ>
973 2283 1092 2328 κατὰ
1123 2282 1425 2341 πρόσλαμψιν
1455 2283 1573 2341 πρὸς
1608 2285 1667 2329 τὰ
1697 2282 1816 2340 νέφη
1844 2286 1852 2338 Ι
1879 2283 1935 2329 τὸ

251 2340 303 2378 co
336 2336 508 2392 (Gass.)
540 2338 596 2381 τὰ
630 2343 816 2383 131²sz
896 2351 937 2385 11
968 2343 1136 2387 τούτου
1168 2344 1278 2399 (scil.
1315 2345 1473 2389 ‘huius
1502 2344 1607 2399 rei')
1637 2344 1762 2389 scri.:
1794 2350 1933 2387 τοῦτο

252 2396 294 2436 Ω
321 2397 327 2449 Ι
354 2392 405 2439 τὸ
437 2395 505 2452 τὸ]
538 2394 589 2440 τὸ
621 2406 702 2442 τοῦ
726 2403 759 2441 Β
790 2399 842 2443 τὸ
866 2404 927 2442 zf
994 2409 1040 2443 18
1071 2400 1257 2458 ἀτόμων
1285 2403 1397 2448 Mei.
1422 2404 1479 2457 cf.
1505 2417 1544 2447 υ.
1570 2406 1647 2447 15:
1679 2409 1834 2457 τομῶν
1858 2400 1930 2461 ΩΙ

253 2453 412 2510 αὐτοῦ]
453 2452 587 2507 ἡλίου
627 2457 698 2500 Us.
821 2467 866 2501 14
900 2457 1037 2513 ἀέρος
1075 2474 1158 2504 om.
1191 2465 1224 2503 B
1247 2463 1271 2516 ·Ι
1309 2475 1480 2518 προσφ.
1507 2495 1516 2504 .
1545 2498 1552 2505 .
1580 2496 1589 2504 .
1616 2460 1812 2517 σελήνην
1846 2461 1933 2505 del.

254 2510 301 2554 0.
329 2511 410 2556 Fr.
437 2514 679 2558 Hermann
710 2522 763 2560 ut
792 2519 1050 2574 anticipata
1082 2534 1138 2564 ex
1167 2535 1218 2565 vs
1255 2523 1315 2564 17
1347 2519 1482 2574 ἀέρος
1507 2553 1515 2562 .
1543 2556 1551 2565 .
1581 2557 1590 2564 .
1617 2519 1813 2577 σελήνην
1846 2519 1931 2564 ἀεῖ.

260 2569 358 2623 U⁸.;
401 2586 477 2628 eqo
516 2573 661 2621 locum
700 2588 794 2619 non
824 2577 1032 2635 intelleyo
1152 2588 1198 2622 14
1230 2578 1598 2635 ἀποφερομένων
1623 2614 1632 2623 .
1660 2614 1667 2621 .
1699 2614 1708 2623 .
1733 2588 1779 2622 ιθ
1810 2579 1931 2623 πάν-

249 2631 394 2673 τοθεν
419 2643 502 2674 om.
525 2635 628 2673 ΕΜ
689 2641 741 2676 15·
760 2632 944 2691 ἀτόμων
968 2637 1051 2680 del.
1081 2638 1152 2682 Us.
1179 2638 1252 2693 (cf.
1279 2652 1339 2683 vs.
1363 2641 1437 2693 13)
1459 2639 1463 2696 Ι
1484 2641 1747 2683 καθεῖσθαι
1771 2641 1929 2681 Broc:

249 2699 364 2731 corr.
393 2688 503 2732 Mei.
532 2692 539 2744 Ι
567 2690 631 2741 εἰς
661 2691 745 2747 τὴν
769 2697 864 2736 Pco
947 2703 993 2737 1⁰
1024 2697 1132 2750 περὶ
1161 2700 1257 2739 Ρῦο
1290 2695 1407 2740 κατὰ
1431 2701 1464 2739 Β
1492 2701 1498 2753 1
1526 2698 1608 2741 καὶ
1638 2697 1758 2741 κατὰ
1789 2695 1931 2741 delevi

251 2746 333 2789 καὶ
363 2753 444 2789 τοῦ
481 2747 611 2792 Gass.
735 2758 780 2794 18
812 2752 1150 2799 ἀναστέλλοντα
1181 2759 1367 2798 BPsz
1394 2773 1523 2800 -νται
1552 2760 1626 2799 co:
1670 2771 1782 2802 corr.
1817 2755 1930 2800 Mei.

369 2813 416 2847 1⁹
457 2815 746 2865 περιστῆσαιι
791 2812 899 2867 περὶ
940 2819 1020 2870 τῆς
1059 2813 1124 2865 εἰς
1164 2816 1206 2858 ,Ω
1244 2814 1494 2875 περιστήσῃ
1533 2816 1776 2874 (Ambros.)
1816 2814 1930 2859 Mei.

251 2870 519 2964 ἶὲξιὲιὲἧὲαι
552 2867 618 2917 εἰς
651 2868 721 2912 Πε.
811 2878 859 2913 20
891 2873 1130 2927 διακρῖναι
1160 2873 1254 2918 U8.:
1288 2874 1507 2931 διακρίνῃ
1538 2876 1582 2918 Ω
1609 2877 1616 2931 Ι
1643 2873 1760 2931 ἀέρα
1791 2874 1934 2930 αὐτῆς
