<?xml version="1.0" encoding="UTF-8"?>
<!DOCTYPE html PUBLIC "-//W3C//DTD XHTML 1.0 Transitional//EN"
    "http://www.w3.org/TR/xhtml1/DTD/xhtml1-transitional.dtd">
<html xmlns="http://www.w3.org/1999/xhtml" xml:lang="en" lang="en">
 <head>
  <title>
</title>
<meta http-equiv="Content-Type" content="text/html;charset=utf-8" />
  <meta name='ocr-system' content='tesseract 3.04.00' />
  <meta name='ocr-capabilities' content='ocr_page ocr_carea ocr_par ocr_line ocrx_word'/>
</head>
<body>
  <div class='ocr_page' id='page_1' title='image "./epicuriepistulae00epicuoft_0032.png"; bbox 0 0 2032 3128; ppageno 0'>
   <div class='ocr_carea' id='block_1_1' title="bbox 164 394 258 431">
    <p class='ocr_par' dir='ltr' id='par_1_1' title="bbox 164 394 258 431">
     <span class='ocr_line' id='line_1_1' title="bbox 164 394 258 431; baseline 0 -7"><span class='ocrx_word' id='word_1_1' title='bbox 164 402 199 431; x_wconf 80' lang='lat' dir='ltr'><em>p.</em></span> <span class='ocrx_word' id='word_1_2' title='bbox 216 394 258 424; x_wconf 77' lang='lat'><em>21</em></span> 
     </span>
    </p>
   </div>
   <div class='ocr_carea' id='block_1_2' title="bbox 181 442 246 485">
    <p class='ocr_par' dir='ltr' id='par_1_2' title="bbox 181 442 246 485">
     <span class='ocr_line' id='line_1_2' title="bbox 181 442 246 485; baseline 0.015 -1"><span class='ocrx_word' id='word_1_3' title='bbox 181 442 246 485; x_wconf 78' lang='lat'><em>65</em></span> 
     </span>
    </p>
   </div>
   <div class='ocr_carea' id='block_1_3' title="bbox 229 585 249 616">
    <p class='ocr_par' dir='ltr' id='par_1_3' title="bbox 229 585 249 616">
     <span class='ocr_line' id='line_1_3' title="bbox 229 585 249 616; baseline 0 0"><span class='ocrx_word' id='word_1_4' title='bbox 229 585 249 616; x_wconf 87' lang='grc'>5</span> 
     </span>
    </p>
   </div>
   <div class='ocr_carea' id='block_1_4' title="bbox 205 992 246 1022">
    <p class='ocr_par' dir='ltr' id='par_1_4' title="bbox 205 992 246 1022">
     <span class='ocr_line' id='line_1_4' title="bbox 205 992 246 1022; baseline -0.024 0"><span class='ocrx_word' id='word_1_5' title='bbox 205 992 246 1022; x_wconf 80' lang='lat'><em>10</em></span> 
     </span>
    </p>
   </div>
   <div class='ocr_carea' id='block_1_5' title="bbox 181 1137 247 1180">
    <p class='ocr_par' dir='ltr' id='par_1_5' title="bbox 181 1137 247 1180">
     <span class='ocr_line' id='line_1_5' title="bbox 181 1137 247 1180; baseline -0.015 0"><span class='ocrx_word' id='word_1_6' title='bbox 181 1137 247 1180; x_wconf 66' lang='lat' dir='ltr'><em>6(ss</em></span> 
     </span>
    </p>
   </div>
   <div class='ocr_carea' id='block_1_6' title="bbox 203 1399 245 1431">
    <p class='ocr_par' dir='ltr' id='par_1_6' title="bbox 203 1399 245 1431">
     <span class='ocr_line' id='line_1_6' title="bbox 203 1399 245 1431; baseline 0.048 -2"><span class='ocrx_word' id='word_1_7' title='bbox 203 1399 245 1431; x_wconf 85' lang='lat'><em>15</em></span> 
     </span>
    </p>
   </div>
   <div class='ocr_carea' id='block_1_7' title="bbox 202 1753 245 1784">
    <p class='ocr_par' dir='ltr' id='par_1_7' title="bbox 202 1753 245 1784">
     <span class='ocr_line' id='line_1_7' title="bbox 202 1753 245 1784; baseline 0 0"><span class='ocrx_word' id='word_1_8' title='bbox 202 1753 245 1784; x_wconf 80' lang='lat'><em>20</em></span> 
     </span>
    </p>
   </div>
   <div class='ocr_carea' id='block_1_8' title="bbox 275 95 1966 155">
    <p class='ocr_par' dir='ltr' id='par_1_8' title="bbox 275 95 1966 155">
     <span class='ocr_line' id='line_1_8' title="bbox 275 95 1966 155; baseline -0.006 -9"><span class='ocrx_word' id='word_1_9' title='bbox 275 101 342 155; x_wconf 87' lang='lat'><em>18</em></span> <span class='ocrx_word' id='word_1_10' title='bbox 811 96 1052 142; x_wconf 81' lang='lat' dir='ltr'>EPICURI</span> <span class='ocrx_word' id='word_1_11' title='bbox 1083 95 1377 141; x_wconf 87' lang='lat' dir='ltr'>EPISTULA</span> <span class='ocrx_word' id='word_1_12' title='bbox 1410 97 1428 140; x_wconf 87' lang='lat'>1</span> <span class='ocrx_word' id='word_1_13' title='bbox 1785 103 1966 145; x_wconf 70' lang='grc'><strong>64-66</strong></span> 
     </span>
    </p>
   </div>
   <div class='ocr_carea' id='block_1_9' title="bbox 269 235 1995 1792">
    <p class='ocr_par' dir='ltr' id='par_1_9' title="bbox 269 235 1995 1792">
     <span class='ocr_line' id='line_1_9' title="bbox 275 235 1966 306; baseline -0.001 -16"><span class='ocrx_word' id='word_1_14' title='bbox 275 239 384 306; x_wconf 84' lang='grc' dir='ltr'><em>περὶ</em></span> <span class='ocrx_word' id='word_1_15' title='bbox 415 239 534 290; x_wconf 79' lang='grc' dir='ltr'><em>αὐτὸ</em></span> <span class='ocrx_word' id='word_1_16' title='bbox 568 238 824 302; x_wconf 81' lang='grc' dir='ltr'><em>δυνάμεως</em></span> <span class='ocrx_word' id='word_1_17' title='bbox 854 235 976 286; x_wconf 69' lang='grc' dir='ltr'><em>κατὰ</em></span> <span class='ocrx_word' id='word_1_18' title='bbox 1008 235 1100 300; x_wconf 85' lang='grc' dir='ltr'><em>τὴν</em></span> <span class='ocrx_word' id='word_1_19' title='bbox 1130 237 1327 300; x_wconf 80' lang='grc' dir='ltr'><em>κίνησιν</em></span> <span class='ocrx_word' id='word_1_20' title='bbox 1360 236 1632 302; x_wconf 76' lang='grc' dir='ltr'><em>σύμπτωμα</em></span> <span class='ocrx_word' id='word_1_21' title='bbox 1667 238 1966 304; x_wconf 81' lang='grc' dir='ltr'><em>αἰσθητικὸν</em></span> 
     </span>
     <span class='ocr_line' id='line_1_10' title="bbox 271 307 1960 387; baseline 0 -16"><span class='ocrx_word' id='word_1_22' title='bbox 271 320 429 381; x_wconf 78' lang='grc' dir='ltr'><em>εὐθὺς</em></span> <span class='ocrx_word' id='word_1_23' title='bbox 473 319 745 371; x_wconf 84' lang='grc' dir='ltr'><em>ἀποτελοῦν</em></span> <span class='ocrx_word' id='word_1_24' title='bbox 788 318 943 387; x_wconf 77' lang='grc' dir='ltr'><em>ἑαυτῷ</em></span> <span class='ocrx_word' id='word_1_25' title='bbox 982 307 1220 368; x_wconf 76' lang='grc' dir='ltr'><em>ἀπεδίδου</em></span> <span class='ocrx_word' id='word_1_26' title='bbox 1265 317 1387 368; x_wconf 85' lang='grc' dir='ltr'><em>κατὰ</em></span> <span class='ocrx_word' id='word_1_27' title='bbox 1429 317 1520 383; x_wconf 83' lang='grc' dir='ltr'><em>τὴν</em></span> <span class='ocrx_word' id='word_1_28' title='bbox 1564 316 1839 386; x_wconf 79' lang='grc' dir='ltr'><em>ὁμούρησιν</em></span> <span class='ocrx_word' id='word_1_29' title='bbox 1877 320 1960 371; x_wconf 81' lang='grc' dir='ltr'><em>καὶ</em></span> 
     </span>
     <span class='ocr_line' id='line_1_11' title="bbox 277 394 1995 469; baseline -0.001 -17"><span class='ocrx_word' id='word_1_30' title='bbox 277 402 596 467; x_wconf 83' lang='grc' dir='ltr'><strong><em>συμπάθειαν</em></strong></span> <span class='ocrx_word' id='word_1_31' title='bbox 625 399 709 451; x_wconf 79' lang='grc' dir='ltr'><em>καὶ</em></span> <span class='ocrx_word' id='word_1_32' title='bbox 739 399 927 469; x_wconf 78' lang='grc' dir='ltr'><em>ἐκείνῳ,</em></span> <span class='ocrx_word' id='word_1_33' title='bbox 958 399 1186 465; x_wconf 80' lang='grc' dir='ltr'><em>καθάπερ</em></span> <span class='ocrx_word' id='word_1_34' title='bbox 1217 394 1372 449; x_wconf 83' lang='grc' dir='ltr'><em>εἶπον.</em></span> <span class='ocrx_word' id='word_1_35' title='bbox 1415 399 1507 449; x_wconf 83' lang='grc' dir='ltr'><em>Διὸ</em></span> <span class='ocrx_word' id='word_1_36' title='bbox 1541 399 1602 463; x_wconf 78' lang='grc' dir='ltr'><em>δὴ</em></span> <span class='ocrx_word' id='word_1_37' title='bbox 1635 400 1717 450; x_wconf 81' lang='grc' dir='ltr'><em>καὶ</em></span> <span class='ocrx_word' id='word_1_38' title='bbox 1748 400 1962 469; x_wconf 81' lang='grc' dir='ltr'><em>ἕνυπάρ-</em></span> <span class='ocrx_word' id='word_1_39' title='bbox 1991 462 1995 466; x_wconf 27' lang='lat'>¹</span> 
     </span>
     <span class='ocr_line' id='line_1_12' title="bbox 271 479 1966 550; baseline 0.001 -17"><span class='ocrx_word' id='word_1_40' title='bbox 271 499 425 549; x_wconf 89' lang='grc' dir='ltr'><em>χουσα</em></span> <span class='ocrx_word' id='word_1_41' title='bbox 469 481 501 548; x_wconf 81' lang='grc' dir='ltr'>ἡ</span> <span class='ocrx_word' id='word_1_42' title='bbox 550 481 688 548; x_wconf 84' lang='grc' dir='ltr'><em>ψυχὴ</em></span> <span class='ocrx_word' id='word_1_43' title='bbox 729 479 962 532; x_wconf 74' lang='grc' dir='ltr'><em>οὐδέποτε</em></span> <span class='ocrx_word' id='word_1_44' title='bbox 1001 479 1151 530; x_wconf 78' lang='grc' dir='ltr'><em>ἄλλου</em></span> <span class='ocrx_word' id='word_1_45' title='bbox 1190 479 1325 540; x_wconf 87' lang='grc' dir='ltr'><em>τινὸς</em></span> <span class='ocrx_word' id='word_1_46' title='bbox 1372 480 1546 547; x_wconf 84' lang='grc' dir='ltr'><em>μέρους</em></span> <span class='ocrx_word' id='word_1_47' title='bbox 1584 480 1966 550; x_wconf 73' lang='grc' dir='ltr'><em>ἀπηλλαγμένου</em></span> 
     </span>
     <span class='ocr_line' id='line_1_13' title="bbox 274 559 1961 630; baseline -0.001 -15"><span class='ocrx_word' id='word_1_48' title='bbox 274 564 589 630; x_wconf 81' lang='grc' dir='ltr'><em>ἀναισθητεῖ·</em></span> <span class='ocrx_word' id='word_1_49' title='bbox 625 559 730 613; x_wconf 86' lang='grc' dir='ltr'><em>ἀλλ’</em></span> <span class='ocrx_word' id='word_1_50' title='bbox 759 560 791 612; x_wconf 76' lang='grc' dir='ltr'>ἃ</span> <span class='ocrx_word' id='word_1_51' title='bbox 823 561 885 612; x_wconf 77' lang='grc' dir='ltr'><em>ἂν</em></span> <span class='ocrx_word' id='word_1_52' title='bbox 915 561 999 613; x_wconf 80' lang='grc' dir='ltr'><em>καὶ</em></span> <span class='ocrx_word' id='word_1_53' title='bbox 1029 562 1210 626; x_wconf 82' lang='grc' dir='ltr'><em>ταύτης</em></span> <span class='ocrx_word' id='word_1_54' title='bbox 1242 561 1573 628; x_wconf 83' lang='grc' dir='ltr'><em>ξυναπόληται</em></span> <span class='ocrx_word' id='word_1_55' title='bbox 1595 571 1683 614; x_wconf 83' lang='grc' dir='ltr'><em>τοῦ</em></span> <span class='ocrx_word' id='word_1_56' title='bbox 1708 564 1961 630; x_wconf 76' lang='grc' dir='ltr'><em>στεγάζον-</em></span> 
     </span>
     <span class='ocr_line' id='line_1_14' title="bbox 272 639 1965 715; baseline 0.001 -20"><span class='ocrx_word' id='word_1_57' title='bbox 272 665 353 705; x_wconf 85' lang='grc' dir='ltr'><em>τος</em></span> <span class='ocrx_word' id='word_1_58' title='bbox 384 645 623 705; x_wconf 84' lang='grc' dir='ltr'><em>λυθέντος</em></span> <span class='ocrx_word' id='word_1_59' title='bbox 647 639 749 694; x_wconf 84' lang='grc' dir='ltr'><em>εἴθ’</em></span> <span class='ocrx_word' id='word_1_60' title='bbox 772 644 888 695; x_wconf 78' lang='grc' dir='ltr'><em>ὅλου</em></span> <span class='ocrx_word' id='word_1_61' title='bbox 913 644 1005 695; x_wconf 82' lang='grc' dir='ltr'><em>εἴτε</em></span> <span class='ocrx_word' id='word_1_62' title='bbox 1028 641 1112 692; x_wconf 80' lang='grc' dir='ltr'><em>καὶ</em></span> <span class='ocrx_word' id='word_1_63' title='bbox 1137 642 1314 710; x_wconf 80' lang='grc' dir='ltr'><em>μέρους</em></span> <span class='ocrx_word' id='word_1_64' title='bbox 1337 643 1488 710; x_wconf 81' lang='grc' dir='ltr'><em>τινός,</em></span> <span class='ocrx_word' id='word_1_65' title='bbox 1511 644 1597 694; x_wconf 81' lang='grc' dir='ltr'><em>ε’άν</em></span> <span class='ocrx_word' id='word_1_66' title='bbox 1620 663 1710 712; x_wconf 87' lang='grc' dir='ltr'><em>περ</em></span> <span class='ocrx_word' id='word_1_67' title='bbox 1735 645 1965 715; x_wconf 77' lang='grc' dir='ltr'><em>διαμένῃ,</em></span> 
     </span>
     <span class='ocr_line' id='line_1_15' title="bbox 273 723 1965 797; baseline 0.001 -20"><span class='ocrx_word' id='word_1_68' title='bbox 273 725 413 797; x_wconf 74' lang='grc' dir='ltr'><em>σῴζει</em></span> <span class='ocrx_word' id='word_1_69' title='bbox 454 726 546 790; x_wconf 80' lang='grc' dir='ltr'><em>τὴν</em></span> <span class='ocrx_word' id='word_1_70' title='bbox 589 727 842 790; x_wconf 81' lang='grc' dir='ltr'><em>αἴσθησιν.</em></span> <span class='ocrx_word' id='word_1_71' title='bbox 904 725 959 775; x_wconf 89' lang='grc' dir='ltr'><em>τὸ</em></span> <span class='ocrx_word' id='word_1_72' title='bbox 1001 723 1054 774; x_wconf 82' lang='grc' dir='ltr'><em>δὲ</em></span> <span class='ocrx_word' id='word_1_73' title='bbox 1098 724 1272 775; x_wconf 88' lang='grc' dir='ltr'><em>λοιπὸν</em></span> <span class='ocrx_word' id='word_1_74' title='bbox 1313 723 1564 791; x_wconf 75' lang='grc' dir='ltr'><em>ἄθροισμα</em></span> <span class='ocrx_word' id='word_1_75' title='bbox 1607 726 1841 792; x_wconf 82' lang='grc' dir='ltr'><em>διαμένον</em></span> <span class='ocrx_word' id='word_1_76' title='bbox 1877 727 1965 778; x_wconf 76' lang='grc' dir='ltr'><em>καὶ</em></span> 
     </span>
     <span class='ocr_line' id='line_1_16' title="bbox 274 805 1963 874; baseline 0.001 -16"><span class='ocrx_word' id='word_1_77' title='bbox 274 809 389 859; x_wconf 81' lang='grc' dir='ltr'><em>ὅλον</em></span> <span class='ocrx_word' id='word_1_78' title='bbox 432 808 515 858; x_wconf 82' lang='grc' dir='ltr'><em>καὶ</em></span> <span class='ocrx_word' id='word_1_79' title='bbox 557 807 679 858; x_wconf 82' lang='grc' dir='ltr'><em>κατὰ</em></span> <span class='ocrx_word' id='word_1_80' title='bbox 719 805 864 872; x_wconf 84' lang='grc' dir='ltr'><em>μέρος</em></span> <span class='ocrx_word' id='word_1_81' title='bbox 903 806 997 856; x_wconf 78' lang='grc' dir='ltr'><em>ούκ</em></span> <span class='ocrx_word' id='word_1_82' title='bbox 1035 806 1127 872; x_wconf 72' lang='grc' dir='ltr'><em>ἔχει</em></span> <span class='ocrx_word' id='word_1_83' title='bbox 1165 805 1256 870; x_wconf 80' lang='grc' dir='ltr'><em>τὴν</em></span> <span class='ocrx_word' id='word_1_84' title='bbox 1296 807 1536 871; x_wconf 87' lang='grc' dir='ltr'><em>αἴσθησιν</em></span> <span class='ocrx_word' id='word_1_85' title='bbox 1574 807 1763 858; x_wconf 83' lang='grc' dir='ltr'><em>ἐκείνου</em></span> <span class='ocrx_word' id='word_1_86' title='bbox 1801 807 1963 874; x_wconf 81' lang='grc' dir='ltr'><em>ἀπηλ-</em></span> 
     </span>
     <span class='ocr_line' id='line_1_17' title="bbox 273 887 1961 957; baseline 0.002 -19"><span class='ocrx_word' id='word_1_87' title='bbox 273 889 542 957; x_wconf 76' lang='grc' dir='ltr'><em>λαγμένου,</em></span> <span class='ocrx_word' id='word_1_88' title='bbox 584 890 701 940; x_wconf 83' lang='grc' dir='ltr'><em>ὅσον</em></span> <span class='ocrx_word' id='word_1_89' title='bbox 740 887 857 938; x_wconf 90' lang='grc' dir='ltr'><em>ποτέ</em></span> <span class='ocrx_word' id='word_1_90' title='bbox 895 887 995 939; x_wconf 88' lang='grc' dir='ltr'><em>ε’στι</em></span> <span class='ocrx_word' id='word_1_91' title='bbox 1033 888 1086 938; x_wconf 92' lang='grc' dir='ltr'><em>τὸ</em></span> <span class='ocrx_word' id='word_1_92' title='bbox 1123 893 1380 939; x_wconf 82' lang='grc' dir='ltr'><em>συντεῖνον</em></span> <span class='ocrx_word' id='word_1_93' title='bbox 1410 896 1508 938; x_wconf 86' lang='grc' dir='ltr'><em>τῶν</em></span> <span class='ocrx_word' id='word_1_94' title='bbox 1539 888 1732 954; x_wconf 86' lang='grc' dir='ltr'><em>ἀτόμων</em></span> <span class='ocrx_word' id='word_1_95' title='bbox 1763 893 1961 954; x_wconf 82' lang='grc' dir='ltr'><em>πλῆθος</em></span> 
     </span>
     <span class='ocr_line' id='line_1_18' title="bbox 271 968 1960 1037; baseline 0.001 -16"><span class='ocrx_word' id='word_1_96' title='bbox 271 972 340 1030; x_wconf 87' lang='grc' dir='ltr'><em>εἰς</em></span> <span class='ocrx_word' id='word_1_97' title='bbox 378 972 469 1037; x_wconf 80' lang='grc' dir='ltr'><em>τὴν</em></span> <span class='ocrx_word' id='word_1_98' title='bbox 507 979 593 1036; x_wconf 82' lang='grc' dir='ltr'><em>τῆς</em></span> <span class='ocrx_word' id='word_1_99' title='bbox 633 978 799 1036; x_wconf 82' lang='grc' dir='ltr'><em>ψυχῆς</em></span> <span class='ocrx_word' id='word_1_100' title='bbox 839 969 1008 1033; x_wconf 83' lang='grc' dir='ltr'><em>φύσιν.</em></span> <span class='ocrx_word' id='word_1_101' title='bbox 1057 968 1157 1019; x_wconf 85' lang='grc' dir='ltr'><em>Καὶ</em></span> <span class='ocrx_word' id='word_1_102' title='bbox 1196 969 1295 1034; x_wconf 80' lang='grc' dir='ltr'><em>μὴν</em></span> <span class='ocrx_word' id='word_1_103' title='bbox 1326 969 1408 1020; x_wconf 79' lang='grc' dir='ltr'><em>καὶ</em></span> <span class='ocrx_word' id='word_1_104' title='bbox 1441 970 1689 1035; x_wconf 86' lang='grc' dir='ltr'><em>λυομένου</em></span> <span class='ocrx_word' id='word_1_105' title='bbox 1719 979 1808 1021; x_wconf 82' lang='grc' dir='ltr'><em>τοῦ</em></span> <span class='ocrx_word' id='word_1_106' title='bbox 1840 971 1960 1022; x_wconf 77' lang='grc' dir='ltr'><em>ὅλου</em></span> 
     </span>
     <span class='ocr_line' id='line_1_19' title="bbox 271 1050 1963 1118; baseline 0.001 -17"><span class='ocrx_word' id='word_1_107' title='bbox 271 1051 607 1118; x_wconf 85' lang='grc' dir='ltr'><em>ἀθροίσματος</em></span> <span class='ocrx_word' id='word_1_108' title='bbox 645 1050 676 1115; x_wconf 77' lang='grc' dir='ltr'>ἡ</span> <span class='ocrx_word' id='word_1_109' title='bbox 717 1051 856 1117; x_wconf 82' lang='grc' dir='ltr'><em>ψυχὴ</em></span> <span class='ocrx_word' id='word_1_110' title='bbox 898 1051 1225 1117; x_wconf 85' lang='grc' dir='ltr'><em>διασπείρεται</em></span> <span class='ocrx_word' id='word_1_111' title='bbox 1263 1050 1346 1101; x_wconf 77' lang='grc' dir='ltr'><em>καὶ</em></span> <span class='ocrx_word' id='word_1_112' title='bbox 1378 1050 1537 1101; x_wconf 78' lang='grc' dir='ltr'><em>οὐκέτι</em></span> <span class='ocrx_word' id='word_1_113' title='bbox 1567 1052 1660 1118; x_wconf 78' lang='grc' dir='ltr'><em>ἔχει</em></span> <span class='ocrx_word' id='word_1_114' title='bbox 1689 1051 1775 1112; x_wconf 80' lang='grc' dir='ltr'><em>τὰς</em></span> <span class='ocrx_word' id='word_1_115' title='bbox 1806 1052 1963 1113; x_wconf 79' lang='grc' dir='ltr'><em>αὐτὰς</em></span> 
     </span>
     <span class='ocr_line' id='line_1_20' title="bbox 272 1128 1959 1201; baseline -0.001 -16"><span class='ocrx_word' id='word_1_116' title='bbox 272 1135 506 1199; x_wconf 80' lang='grc' dir='ltr'><em>δυνάμεις</em></span> <span class='ocrx_word' id='word_1_117' title='bbox 538 1132 655 1185; x_wconf 80' lang='grc' dir='ltr'><em>οὐδὲ</em></span> <span class='ocrx_word' id='word_1_118' title='bbox 686 1138 906 1195; x_wconf 81' lang='grc' dir='ltr'><em>κινεῖται,</em></span> <span class='ocrx_word' id='word_1_119' title='bbox 938 1132 1057 1182; x_wconf 82' lang='grc' dir='ltr'><em>ὥστε</em></span> <span class='ocrx_word' id='word_1_120' title='bbox 1088 1128 1201 1184; x_wconf 83' lang='grc' dir='ltr'><em>οὐδ’</em></span> <span class='ocrx_word' id='word_1_121' title='bbox 1236 1133 1475 1197; x_wconf 85' lang='grc' dir='ltr'><em>αἴσθησιν</em></span> <span class='ocrx_word' id='word_1_122' title='bbox 1505 1131 1742 1198; x_wconf 78' lang='grc' dir='ltr'><em>κέκτηται.</em></span> <span class='ocrx_word' id='word_1_123' title='bbox 1778 1133 1840 1184; x_wconf 82' lang='grc' dir='ltr'><em>οὐ</em></span> <span class='ocrx_word' id='word_1_124' title='bbox 1862 1133 1959 1201; x_wconf 76' lang='grc' dir='ltr'><em>γὰρ</em></span> 
     </span>
     <span class='ocr_line' id='line_1_21' title="bbox 270 1210 1959 1284; baseline 0.001 -20"><span class='ocrx_word' id='word_1_125' title='bbox 270 1210 378 1264; x_wconf 86' lang='grc' dir='ltr'><em>οἷόν</em></span> <span class='ocrx_word' id='word_1_126' title='bbox 416 1234 464 1264; x_wconf 89' lang='grc' dir='ltr'><em>τε</em></span> <span class='ocrx_word' id='word_1_127' title='bbox 499 1220 633 1265; x_wconf 88' lang='grc' dir='ltr'><em>νοεῖν</em></span> <span class='ocrx_word' id='word_1_128' title='bbox 664 1214 783 1264; x_wconf 77' lang='grc' dir='ltr'><em>αὐτὸ</em></span> <span class='ocrx_word' id='word_1_129' title='bbox 816 1212 1186 1278; x_wconf 84' lang='grc' dir='ltr'><em>αἰσθανόμενον</em></span> <span class='ocrx_word' id='word_1_130' title='bbox 1217 1214 1284 1279; x_wconf 85' lang='grc' dir='ltr'><em>μὴ</em></span> <span class='ocrx_word' id='word_1_131' title='bbox 1317 1213 1370 1263; x_wconf 83' lang='grc' dir='ltr'><em>ἐν</em></span> <span class='ocrx_word' id='word_1_132' title='bbox 1401 1214 1569 1283; x_wconf 74' lang='grc' dir='ltr'><em>τούτῳ</em></span> <span class='ocrx_word' id='word_1_133' title='bbox 1588 1218 1654 1284; x_wconf 81' lang='grc' dir='ltr'><em>τῷ</em></span> <span class='ocrx_word' id='word_1_134' title='bbox 1686 1215 1959 1280; x_wconf 82' lang='grc' dir='ltr'><em>συστήματι</em></span> 
     </span>
     <span class='ocr_line' id='line_1_22' title="bbox 270 1294 1961 1363; baseline 0 -17"><span class='ocrx_word' id='word_1_135' title='bbox 270 1296 353 1346; x_wconf 84' lang='grc' dir='ltr'><em>καὶ</em></span> <span class='ocrx_word' id='word_1_136' title='bbox 384 1301 490 1356; x_wconf 86' lang='grc' dir='ltr'><em>ταῖς</em></span> <span class='ocrx_word' id='word_1_137' title='bbox 520 1296 743 1361; x_wconf 79' lang='grc' dir='ltr'><em>κινήσεσι</em></span> <span class='ocrx_word' id='word_1_138' title='bbox 773 1295 972 1355; x_wconf 84' lang='grc' dir='ltr'><em>ταύταις</em></span> <span class='ocrx_word' id='word_1_139' title='bbox 1003 1296 1279 1362; x_wconf 81' lang='grc' dir='ltr'><em>χρώμενον,</em></span> <span class='ocrx_word' id='word_1_140' title='bbox 1319 1294 1435 1345; x_wconf 85' lang='grc' dir='ltr'><em>ὅταν</em></span> <span class='ocrx_word' id='word_1_141' title='bbox 1466 1294 1525 1344; x_wconf 79' lang='grc' dir='ltr'><em>τὰ</em></span> <span class='ocrx_word' id='word_1_142' title='bbox 1557 1296 1845 1363; x_wconf 80' lang='grc' dir='ltr'><em>στεγάζοντα</em></span> <span class='ocrx_word' id='word_1_143' title='bbox 1873 1294 1961 1346; x_wconf 75' lang='grc' dir='ltr'><em>καὶ</em></span> 
     </span>
     <span class='ocr_line' id='line_1_23' title="bbox 271 1366 1963 1447; baseline -0.001 -19"><span class='ocrx_word' id='word_1_144' title='bbox 271 1377 549 1444; x_wconf 87' lang='grc' dir='ltr'><em>περιέχοντα</em></span> <span class='ocrx_word' id='word_1_145' title='bbox 570 1375 657 1442; x_wconf 56' lang='grc' dir='ltr'><em>’μὴ</em></span> <span class='ocrx_word' id='word_1_146' title='bbox 697 1385 897 1427; x_wconf 83' lang='grc' dir='ltr'><em>τοιαῦτα</em></span> <span class='ocrx_word' id='word_1_147' title='bbox 936 1366 993 1447; x_wconf 74' lang='grc' dir='ltr'><em>ᾖ,</em></span> <span class='ocrx_word' id='word_1_148' title='bbox 1033 1376 1086 1425; x_wconf 81' lang='grc' dir='ltr'><em>ἐν</em></span> <span class='ocrx_word' id='word_1_149' title='bbox 1125 1372 1200 1436; x_wconf 85' lang='grc' dir='ltr'><em>οἷς</em></span> <span class='ocrx_word' id='word_1_150' title='bbox 1237 1385 1335 1426; x_wconf 82' lang='grc' dir='ltr'><em>νῦν</em></span> <span class='ocrx_word' id='word_1_151' title='bbox 1373 1369 1497 1426; x_wconf 75' lang='grc' dir='ltr'><em>οὖσα</em></span> <span class='ocrx_word' id='word_1_152' title='bbox 1536 1377 1629 1442; x_wconf 77' lang='grc' dir='ltr'><em>ἔχει</em></span> <span class='ocrx_word' id='word_1_153' title='bbox 1663 1378 1842 1438; x_wconf 86' lang='grc' dir='ltr'><em>ταύτας</em></span> <span class='ocrx_word' id='word_1_154' title='bbox 1871 1377 1963 1438; x_wconf 83' lang='grc' dir='ltr'><em>τὰς</em></span> 
     </span>
     <span class='ocr_line' id='line_1_24' title="bbox 270 1450 1960 1523; baseline -0.001 -16"><span class='ocrx_word' id='word_1_155' title='bbox 270 1460 504 1523; x_wconf 79' lang='grc' dir='ltr'><em>κινήσεις.</em></span> <span class='ocrx_word' id='word_1_156' title='bbox 566 1455 709 1508; x_wconf 77' lang='grc' dir='ltr'><em>Ἀλλὰ</em></span> <span class='ocrx_word' id='word_1_157' title='bbox 749 1458 848 1523; x_wconf 82' lang='grc' dir='ltr'><em>μὴν</em></span> <span class='ocrx_word' id='word_1_158' title='bbox 887 1457 969 1507; x_wconf 79' lang='grc' dir='ltr'><em>καὶ</em></span> <span class='ocrx_word' id='word_1_159' title='bbox 1009 1458 1116 1508; x_wconf 91' lang='grc' dir='ltr'><em>τόδε</em></span> <span class='ocrx_word' id='word_1_160' title='bbox 1149 1450 1284 1517; x_wconf 70' lang='grc' dir='ltr'><em>(λέγει</em></span> <span class='ocrx_word' id='word_1_161' title='bbox 1316 1462 1366 1505; x_wconf 79' lang='grc' dir='ltr'><em>ἐν</em></span> <span class='ocrx_word' id='word_1_162' title='bbox 1397 1459 1552 1512; x_wconf 76' lang='grc' dir='ltr'><em>ἄλλοις</em></span> <span class='ocrx_word' id='word_1_163' title='bbox 1582 1461 1658 1506; x_wconf 79' lang='grc' dir='ltr'><em>καὶ</em></span> <span class='ocrx_word' id='word_1_164' title='bbox 1693 1460 1740 1514; x_wconf 79' lang='grc' dir='ltr'><em>ἐξ</em></span> <span class='ocrx_word' id='word_1_165' title='bbox 1773 1458 1960 1517; x_wconf 79' lang='grc' dir='ltr'><em>ἀτόμων</em></span> 
     </span>
     <span class='ocr_line' id='line_1_25' title="bbox 269 1533 1963 1595; baseline 0.001 -18"><span class='ocrx_word' id='word_1_166' title='bbox 269 1534 418 1590; x_wconf 83' lang='grc' dir='ltr'><em>αὐτὴν</em></span> <span class='ocrx_word' id='word_1_167' title='bbox 465 1537 742 1592; x_wconf 79' lang='grc' dir='ltr'><em>συγκεῖσθαι</em></span> <span class='ocrx_word' id='word_1_168' title='bbox 780 1533 1029 1577; x_wconf 82' lang='grc' dir='ltr'><em>λειοτάτων</em></span> <span class='ocrx_word' id='word_1_169' title='bbox 1069 1535 1146 1578; x_wconf 83' lang='grc' dir='ltr'><em>καὶ</em></span> <span class='ocrx_word' id='word_1_170' title='bbox 1191 1534 1625 1591; x_wconf 77' lang='grc' dir='ltr'><em>στρογγυλωτάτων,</em></span> <span class='ocrx_word' id='word_1_171' title='bbox 1671 1538 1820 1595; x_wconf 83' lang='grc' dir='ltr'><em>πολλῷ</em></span> <span class='ocrx_word' id='word_1_172' title='bbox 1865 1551 1963 1579; x_wconf 81' lang='grc' dir='ltr'><em>τινι.</em></span> 
     </span>
     <span class='ocr_line' id='line_1_26' title="bbox 270 1597 1961 1661; baseline 0 -17"><span class='ocrx_word' id='word_1_173' title='bbox 270 1603 596 1657; x_wconf 80' lang='grc' dir='ltr'><em>διαφερουσῶν</em></span> <span class='ocrx_word' id='word_1_174' title='bbox 626 1608 717 1645; x_wconf 88' lang='grc' dir='ltr'><em>τῶν</em></span> <span class='ocrx_word' id='word_1_175' title='bbox 748 1606 831 1645; x_wconf 82' lang='grc' dir='ltr'><em>τοῦ</em></span> <span class='ocrx_word' id='word_1_176' title='bbox 856 1597 1022 1655; x_wconf 85' lang='grc' dir='ltr'><em>πυρός·</em></span> <span class='ocrx_word' id='word_1_177' title='bbox 1067 1600 1147 1644; x_wconf 80' lang='grc' dir='ltr'><em>καὶ</em></span> <span class='ocrx_word' id='word_1_178' title='bbox 1177 1601 1230 1645; x_wconf 90' lang='grc' dir='ltr'><em>τὸ</em></span> <span class='ocrx_word' id='word_1_179' title='bbox 1262 1599 1345 1657; x_wconf 88' lang='grc' dir='ltr'><em>μέν</em></span> <span class='ocrx_word' id='word_1_180' title='bbox 1368 1617 1413 1645; x_wconf 90' lang='grc' dir='ltr'><em>τι</em></span> <span class='ocrx_word' id='word_1_181' title='bbox 1444 1601 1615 1659; x_wconf 78' lang='grc' dir='ltr'><em>ἄλογον</em></span> <span class='ocrx_word' id='word_1_182' title='bbox 1647 1602 1806 1659; x_wconf 79' lang='grc' dir='ltr'><em>αὐτῆς,</em></span> <span class='ocrx_word' id='word_1_183' title='bbox 1838 1599 1862 1646; x_wconf 87' lang='grc' dir='ltr'><strong><em>ὃ</em></strong></span> <span class='ocrx_word' id='word_1_184' title='bbox 1893 1604 1961 1661; x_wconf 81' lang='grc' dir='ltr'><em>τῷ</em></span> 
     </span>
     <span class='ocr_line' id='line_1_27' title="bbox 269 1665 1960 1727; baseline 0.001 -17"><span class='ocrx_word' id='word_1_185' title='bbox 269 1669 414 1727; x_wconf 81' lang='grc' dir='ltr'><em>λοιπῷ</em></span> <span class='ocrx_word' id='word_1_186' title='bbox 449 1667 786 1722; x_wconf 81' lang='grc' dir='ltr'><em>παρεσπάρθαι</em></span> <span class='ocrx_word' id='word_1_187' title='bbox 826 1668 1023 1722; x_wconf 85' lang='grc' dir='ltr'><em>σώματι·</em></span> <span class='ocrx_word' id='word_1_188' title='bbox 1072 1667 1124 1711; x_wconf 89' lang='grc' dir='ltr'><em>τὸ</em></span> <span class='ocrx_word' id='word_1_189' title='bbox 1165 1665 1218 1711; x_wconf 78' lang='grc' dir='ltr'><em>δὲ</em></span> <span class='ocrx_word' id='word_1_190' title='bbox 1248 1666 1437 1723; x_wconf 82' lang='grc' dir='ltr'><em>λογικὸν</em></span> <span class='ocrx_word' id='word_1_191' title='bbox 1469 1667 1520 1712; x_wconf 80' lang='grc' dir='ltr'><em>ἐν</em></span> <span class='ocrx_word' id='word_1_192' title='bbox 1550 1671 1614 1726; x_wconf 82' lang='grc' dir='ltr'><em>τῷ</em></span> <span class='ocrx_word' id='word_1_193' title='bbox 1644 1669 1856 1724; x_wconf 81' lang='grc' dir='ltr'><em>θώρακι,</em></span> <span class='ocrx_word' id='word_1_194' title='bbox 1895 1668 1960 1719; x_wconf 79' lang='grc' dir='ltr'><em>ὡς</em></span> 
     </span>
     <span class='ocr_line' id='line_1_28' title="bbox 270 1732 1962 1792; baseline 0.001 -15"><span class='ocrx_word' id='word_1_195' title='bbox 270 1735 413 1790; x_wconf 80' lang='grc' dir='ltr'><em>δῆλον</em></span> <span class='ocrx_word' id='word_1_196' title='bbox 446 1735 494 1779; x_wconf 81' lang='grc' dir='ltr'><em>ἔκ</em></span> <span class='ocrx_word' id='word_1_197' title='bbox 525 1750 574 1778; x_wconf 89' lang='grc' dir='ltr'><em>τε</em></span> <span class='ocrx_word' id='word_1_198' title='bbox 605 1741 696 1778; x_wconf 87' lang='grc' dir='ltr'><em>τῶν</em></span> <span class='ocrx_word' id='word_1_199' title='bbox 730 1732 892 1792; x_wconf 85' lang='grc' dir='ltr'><em>φόβων</em></span> <span class='ocrx_word' id='word_1_200' title='bbox 925 1735 1004 1777; x_wconf 83' lang='grc' dir='ltr'><em>καὶ</em></span> <span class='ocrx_word' id='word_1_201' title='bbox 1037 1742 1118 1792; x_wconf 87' lang='grc' dir='ltr'><em>τῆς</em></span> <span class='ocrx_word' id='word_1_202' title='bbox 1148 1741 1306 1792; x_wconf 85' lang='grc' dir='ltr'><em>χαρᾶς.</em></span> <span class='ocrx_word' id='word_1_203' title='bbox 1355 1732 1508 1779; x_wconf 75' lang='grc' dir='ltr'><em>’ὕπνον</em></span> <span class='ocrx_word' id='word_1_204' title='bbox 1537 1751 1586 1779; x_wconf 87' lang='grc' dir='ltr'><em>τε</em></span> <span class='ocrx_word' id='word_1_205' title='bbox 1617 1733 1836 1792; x_wconf 79' lang='grc' dir='ltr'><em>γίνεσθαι</em></span> <span class='ocrx_word' id='word_1_206' title='bbox 1864 1742 1962 1779; x_wconf 83' lang='grc' dir='ltr'><em>τῶν</em></span> 
     </span>
    </p>
   </div>
   <div class='ocr_carea' id='block_1_10' title="bbox 268 1894 1986 2955">
    <p class='ocr_par' dir='ltr' id='par_1_10' title="bbox 268 1894 1986 2955">
     <span class='ocr_line' id='line_1_29' title="bbox 340 1894 1957 1957; baseline 0.002 -18"><span class='ocrx_word' id='word_1_207' title='bbox 340 1905 362 1939; x_wconf 90' lang='grc'>1</span> <span class='ocrx_word' id='word_1_208' title='bbox 395 1896 510 1942; x_wconf 78' lang='grc' dir='ltr'><em>αὐτὸ</em></span> <span class='ocrx_word' id='word_1_209' title='bbox 542 1898 798 1942; x_wconf 67' lang='lat'><em>13212001&#39;45</em></span> <span class='ocrx_word' id='word_1_210' title='bbox 838 1898 961 1942; x_wconf 80' lang='grc' dir='ltr'><em>αὐτῶ</em></span> <span class='ocrx_word' id='word_1_211' title='bbox 994 1898 1120 1940; x_wconf 77' lang='lat' dir='ltr'><strong>B¹zf</strong></span> <span class='ocrx_word' id='word_1_212' title='bbox 1153 1900 1161 1952; x_wconf 85' lang='grc'>1</span> <span class='ocrx_word' id='word_1_213' title='bbox 1199 1895 1384 1954; x_wconf 84' lang='grc' dir='ltr'><em>δίνησιν</em></span> <span class='ocrx_word' id='word_1_214' title='bbox 1413 1898 1514 1941; x_wconf 64' lang='lat'><em>11²³</em></span> <span class='ocrx_word' id='word_1_215' title='bbox 1543 1896 1612 1955; x_wconf 80' lang='lat' dir='ltr'><em>(in</em></span> <span class='ocrx_word' id='word_1_216' title='bbox 1642 1913 1728 1955; x_wconf 75' lang='lat' dir='ltr'><em>my.</em></span> <span class='ocrx_word' id='word_1_217' title='bbox 1763 1894 1855 1957; x_wconf 77' lang='grc' dir='ltr'><em>εἶχε</em></span> <span class='ocrx_word' id='word_1_218' title='bbox 1886 1915 1957 1942; x_wconf 85' lang='grc' dir='ltr'><em>κι-</em></span> 
     </span>
     <span class='ocr_line' id='line_1_30' title="bbox 268 1957 1963 2014; baseline 0.001 -16"><span class='ocrx_word' id='word_1_219' title='bbox 268 1959 420 2013; x_wconf 76' lang='grc' dir='ltr'><em>νησιν)</em></span> <span class='ocrx_word' id='word_1_220' title='bbox 437 1957 633 2014; x_wconf 83' lang='grc' dir='ltr'><em>δύνησιν</em></span> <span class='ocrx_word' id='word_1_221' title='bbox 650 1961 711 2000; x_wconf 76' lang='lat' dir='ltr'><em>zf</em></span> <span class='ocrx_word' id='word_1_222' title='bbox 767 1965 791 1999; x_wconf 80' lang='lat'>8</span> <span class='ocrx_word' id='word_1_223' title='bbox 815 1958 896 2001; x_wconf 78' lang='grc' dir='ltr'><em>καὶ</em></span> <span class='ocrx_word' id='word_1_224' title='bbox 913 1957 1027 2014; x_wconf 86' lang='lat' dir='ltr'><em>(alt.)</em></span> <span class='ocrx_word' id='word_1_225' title='bbox 1044 1971 1128 2002; x_wconf 90' lang='lat' dir='ltr'><em>om.</em></span> <span class='ocrx_word' id='word_1_226' title='bbox 1146 1961 1194 2010; x_wconf 73' lang='lat' dir='ltr'><em>F,</em></span> <span class='ocrx_word' id='word_1_227' title='bbox 1214 1958 1253 2000; x_wconf 88' lang='grc' dir='ltr'><strong><em>Φ</em></strong></span> <span class='ocrx_word' id='word_1_228' title='bbox 1275 1957 1354 2002; x_wconf 81' lang='lat' dir='ltr'><em>sed</em></span> <span class='ocrx_word' id='word_1_229' title='bbox 1377 1958 1472 2002; x_wconf 83' lang='lat' dir='ltr'><em>loco</em></span> <span class='ocrx_word' id='word_1_230' title='bbox 1490 1962 1722 2003; x_wconf 79' lang='lat' dir='ltr'><em>contracto</em></span> <span class='ocrx_word' id='word_1_231' title='bbox 1782 1966 1807 2001; x_wconf 79' lang='lat'>4</span> <span class='ocrx_word' id='word_1_232' title='bbox 1830 1957 1963 2009; x_wconf 74' lang='grc' dir='ltr'><em>τινὸς</em></span> 
     </span>
     <span class='ocr_line' id='line_1_31' title="bbox 269 2012 1960 2073; baseline 0.002 -16"><span class='ocrx_word' id='word_1_233' title='bbox 269 2012 409 2058; x_wconf 86' lang='grc' dir='ltr'><em>ἄλλου</em></span> <span class='ocrx_word' id='word_1_234' title='bbox 441 2019 474 2058; x_wconf 84' lang='grc' dir='ltr'>Β</span> <span class='ocrx_word' id='word_1_235' title='bbox 552 2025 574 2059; x_wconf 79' lang='lat'><strong>5</strong></span> <span class='ocrx_word' id='word_1_236' title='bbox 606 2018 949 2073; x_wconf 83' lang='grc' dir='ltr'><em>ἀναισθητεῖ(ν)</em></span> <span class='ocrx_word' id='word_1_237' title='bbox 983 2017 1021 2059; x_wconf 91' lang='grc' dir='ltr'><strong><em>Φ</em></strong></span> <span class='ocrx_word' id='word_1_238' title='bbox 1054 2017 1336 2071; x_wconf 79' lang='grc' dir='ltr'><em>ἀναισθητεῖ</em></span> <span class='ocrx_word' id='word_1_239' title='bbox 1362 2018 1458 2061; x_wconf 84' lang='lat' dir='ltr'><em>iam</em></span> <span class='ocrx_word' id='word_1_240' title='bbox 1489 2017 1642 2062; x_wconf 62' lang='lat' dir='ltr'><strong><em>Sciam</em></strong></span> <span class='ocrx_word' id='word_1_241' title='bbox 1676 2016 1960 2072; x_wconf 79' lang='grc' dir='ltr'><em>ἀναισθήσει</em></span> 
     </span>
     <span class='ocr_line' id='line_1_32' title="bbox 268 2072 1986 2132; baseline 0.002 -18"><span class='ocrx_word' id='word_1_242' title='bbox 268 2075 302 2114; x_wconf 84' lang='grc' dir='ltr'><strong><em>Β</em></strong></span> <span class='ocrx_word' id='word_1_243' title='bbox 334 2073 623 2131; x_wconf 77' lang='grc' dir='ltr'><em>ἀναισθησία</em></span> <span class='ocrx_word' id='word_1_244' title='bbox 653 2076 822 2132; x_wconf 79' lang='lat' dir='ltr'><strong><em>reliqui</em></strong></span> <span class='ocrx_word' id='word_1_245' title='bbox 852 2075 1189 2132; x_wconf 83' lang='grc' dir='ltr'><em>ἀναισθητήσει</em></span> <span class='ocrx_word' id='word_1_246' title='bbox 1215 2075 1386 2119; x_wconf 79' lang='lat' dir='ltr'><strong><em>Kuehn</em></strong></span> <span class='ocrx_word' id='word_1_247' title='bbox 1411 2078 1419 2132; x_wconf 84' lang='lat' dir='ltr'>l</span> <span class='ocrx_word' id='word_1_248' title='bbox 1447 2073 1548 2119; x_wconf 82' lang='grc' dir='ltr'><em>ἀλλ’</em></span> <span class='ocrx_word' id='word_1_249' title='bbox 1576 2074 1606 2118; x_wconf 82' lang='grc' dir='ltr'>ἃ</span> <span class='ocrx_word' id='word_1_250' title='bbox 1635 2072 1695 2120; x_wconf 75' lang='grc' dir='ltr'><em>ἂν</em></span> <span class='ocrx_word' id='word_1_251' title='bbox 1719 2076 1818 2119; x_wconf 64' lang='lat'><em>11³⁸</em></span> <span class='ocrx_word' id='word_1_252' title='bbox 1841 2074 1959 2119; x_wconf 81' lang='grc' dir='ltr'><em>ἀλλὰ</em></span> <span class='ocrx_word' id='word_1_253' title='bbox 1984 2093 1986 2095; x_wconf 59' lang='grc'>’</span> 
     </span>
     <span class='ocr_line' id='line_1_33' title="bbox 270 2129 1960 2192; baseline 0.003 -18"><span class='ocrx_word' id='word_1_254' title='bbox 270 2129 330 2175; x_wconf 76' lang='grc' dir='ltr'><em>ἂν</em></span> <span class='ocrx_word' id='word_1_255' title='bbox 370 2133 603 2177; x_wconf 71' lang='lat' dir='ltr'>BP¹cozr</span> <span class='ocrx_word' id='word_1_256' title='bbox 645 2134 746 2178; x_wconf 80' lang='grc' dir='ltr'><em>ἀλλ’</em></span> <span class='ocrx_word' id='word_1_257' title='bbox 785 2132 845 2179; x_wconf 75' lang='grc' dir='ltr'><em>ἂν</em></span> <span class='ocrx_word' id='word_1_258' title='bbox 890 2137 928 2177; x_wconf 87' lang='grc' dir='ltr'><strong><em>Φ</em></strong></span> <span class='ocrx_word' id='word_1_259' title='bbox 963 2135 969 2192; x_wconf 85' lang='grc' dir='ltr'>Ι</span> <span class='ocrx_word' id='word_1_260' title='bbox 1003 2134 1173 2190; x_wconf 80' lang='grc' dir='ltr'><em>ταύτης</em></span> <span class='ocrx_word' id='word_1_261' title='bbox 1221 2133 1315 2178; x_wconf 82' lang='lat' dir='ltr'><strong>U8.:</strong></span> <span class='ocrx_word' id='word_1_262' title='bbox 1361 2135 1506 2190; x_wconf 89' lang='grc' dir='ltr'><em>ταύτη</em></span> <span class='ocrx_word' id='word_1_263' title='bbox 1538 2136 1582 2177; x_wconf 75' lang='grc' dir='ltr'><em>,Ω</em></span> <span class='ocrx_word' id='word_1_264' title='bbox 1628 2133 1744 2190; x_wconf 74' lang='grc' dir='ltr'><em>αὕτη</em></span> <span class='ocrx_word' id='word_1_265' title='bbox 1787 2137 1847 2190; x_wconf 87' lang='grc' dir='ltr'><em>Φ,</em></span> <span class='ocrx_word' id='word_1_266' title='bbox 1891 2136 1960 2179; x_wconf 75' lang='lat' dir='ltr'><em>sic</em></span> 
     </span>
     <span class='ocr_line' id='line_1_34' title="bbox 270 2190 1868 2250; baseline 0.003 -17"><span class='ocrx_word' id='word_1_267' title='bbox 270 2190 384 2235; x_wconf 77' lang='lat' dir='ltr'><strong><em>Mei.</em></strong></span> <span class='ocrx_word' id='word_1_268' title='bbox 413 2191 419 2246; x_wconf 92' lang='grc' dir='ltr'>Ι</span> <span class='ocrx_word' id='word_1_269' title='bbox 448 2191 789 2250; x_wconf 84' lang='grc' dir='ltr'><em>ξυναπόλληται</em></span> <span class='ocrx_word' id='word_1_270' title='bbox 819 2197 894 2236; x_wconf 76' lang='lat' dir='ltr'><em>Pr</em></span> <span class='ocrx_word' id='word_1_271' title='bbox 931 2193 1271 2246; x_wconf 80' lang='grc' dir='ltr'><em>ξυναπόλλυται</em></span> <span class='ocrx_word' id='word_1_272' title='bbox 1301 2196 1397 2236; x_wconf 73' lang='lat' dir='ltr'><em>Boo</em></span> <span class='ocrx_word' id='word_1_273' title='bbox 1432 2191 1795 2250; x_wconf 80' lang='grc' dir='ltr'><em>συνεξαπόληται</em></span> <span class='ocrx_word' id='word_1_274' title='bbox 1829 2194 1868 2237; x_wconf 90' lang='grc' dir='ltr'><strong><em>Φ</em></strong></span> 
     </span>
     <span class='ocr_line' id='line_1_35' title="bbox 269 2247 1961 2311; baseline 0.002 -19"><span class='ocrx_word' id='word_1_275' title='bbox 269 2258 294 2291; x_wconf 75' lang='lat' dir='ltr'><strong>o</strong></span> <span class='ocrx_word' id='word_1_276' title='bbox 325 2247 426 2293; x_wconf 81' lang='grc' dir='ltr'><em>εἴθ’</em></span> <span class='ocrx_word' id='word_1_277' title='bbox 455 2286 463 2293; x_wconf 96' lang='grc'><em>.</em></span> <span class='ocrx_word' id='word_1_278' title='bbox 492 2285 501 2293; x_wconf 94' lang='grc'><em>.</em></span> <span class='ocrx_word' id='word_1_279' title='bbox 529 2286 539 2296; x_wconf 97' lang='grc'><em>.</em></span> <span class='ocrx_word' id='word_1_280' title='bbox 563 2251 692 2303; x_wconf 86' lang='grc' dir='ltr'><em>τινός</em></span> <span class='ocrx_word' id='word_1_281' title='bbox 723 2253 807 2298; x_wconf 85' lang='lat' dir='ltr'><em>del.</em></span> <span class='ocrx_word' id='word_1_282' title='bbox 841 2253 1032 2311; x_wconf 75' lang='lat' dir='ltr'><strong><em>Brieyer</em></strong></span> <span class='ocrx_word' id='word_1_283' title='bbox 1154 2261 1172 2295; x_wconf 80' lang='grc'><strong>7</strong></span> <span class='ocrx_word' id='word_1_284' title='bbox 1207 2250 1337 2309; x_wconf 76' lang='grc' dir='ltr'><em>σῴζει</em></span> <span class='ocrx_word' id='word_1_285' title='bbox 1365 2254 1491 2298; x_wconf 78' lang='lat' dir='ltr'><strong><em>scri.:</em></strong></span> <span class='ocrx_word' id='word_1_286' title='bbox 1534 2251 1614 2306; x_wconf 82' lang='grc' dir='ltr'><em>ὀξὺ</em></span> <span class='ocrx_word' id='word_1_287' title='bbox 1645 2255 1689 2297; x_wconf 73' lang='grc' dir='ltr'><em>Ω</em></span> <span class='ocrx_word' id='word_1_288' title='bbox 1729 2252 1884 2307; x_wconf 80' lang='grc' dir='ltr'><em>ὀξύνει</em></span> <span class='ocrx_word' id='word_1_289' title='bbox 1917 2254 1961 2296; x_wconf 88' lang='grc' dir='ltr'><strong><em>Φ</em></strong></span> 
     </span>
     <span class='ocr_line' id='line_1_36' title="bbox 271 2307 1871 2369; baseline 0.002 -18"><span class='ocrx_word' id='word_1_290' title='bbox 271 2307 361 2362; x_wconf 74' lang='grc' dir='ltr'><em>ἕξει</em></span> <span class='ocrx_word' id='word_1_291' title='bbox 402 2310 489 2364; x_wconf 76' lang='grc' dir='ltr'><em>Πε.,</em></span> <span class='ocrx_word' id='word_1_292' title='bbox 520 2311 598 2355; x_wconf 84' lang='lat' dir='ltr'><em>sed</em></span> <span class='ocrx_word' id='word_1_293' title='bbox 630 2312 720 2369; x_wconf 76' lang='grc' dir='ltr'><em>ἔχει</em></span> <span class='ocrx_word' id='word_1_294' title='bbox 751 2313 886 2357; x_wconf 79' lang='lat' dir='ltr'><em>habes</em></span> <span class='ocrx_word' id='word_1_295' title='bbox 917 2316 960 2356; x_wconf 83' lang='lat'><em>8.</em></span> <span class='ocrx_word' id='word_1_296' title='bbox 995 2317 1050 2356; x_wconf 86' lang='lat'><em>11</em></span> <span class='ocrx_word' id='word_1_297' title='bbox 1079 2314 1087 2367; x_wconf 89' lang='grc' dir='ltr'>Ι</span> <span class='ocrx_word' id='word_1_298' title='bbox 1113 2312 1164 2356; x_wconf 82' lang='grc' dir='ltr'><em>τὸ</em></span> <span class='ocrx_word' id='word_1_299' title='bbox 1197 2311 1248 2354; x_wconf 81' lang='grc' dir='ltr'><em>δὲ</em></span> <span class='ocrx_word' id='word_1_300' title='bbox 1275 2346 1284 2354; x_wconf 92' lang='grc'><em>.</em></span> <span class='ocrx_word' id='word_1_301' title='bbox 1312 2345 1322 2355; x_wconf 96' lang='grc'><em>.</em></span> <span class='ocrx_word' id='word_1_302' title='bbox 1349 2346 1359 2354; x_wconf 91' lang='grc'><em>.</em></span> <span class='ocrx_word' id='word_1_303' title='bbox 1385 2320 1409 2355; x_wconf 82' lang='lat'>8</span> <span class='ocrx_word' id='word_1_304' title='bbox 1441 2310 1662 2366; x_wconf 74' lang='grc' dir='ltr'><em>αἴσθησιν</em></span> <span class='ocrx_word' id='word_1_305' title='bbox 1693 2326 1778 2356; x_wconf 86' lang='lat' dir='ltr'><em>om.</em></span> <span class='ocrx_word' id='word_1_306' title='bbox 1810 2315 1871 2354; x_wconf 76' lang='lat' dir='ltr'><em>zf</em></span> 
     </span>
     <span class='ocr_line' id='line_1_37' title="bbox 270 2368 1956 2426; baseline 0.003 -17"><span class='ocrx_word' id='word_1_307' title='bbox 270 2375 294 2409; x_wconf 83' lang='lat'>8</span> <span class='ocrx_word' id='word_1_308' title='bbox 325 2368 405 2411; x_wconf 81' lang='grc' dir='ltr'><em>καὶ</em></span> <span class='ocrx_word' id='word_1_309' title='bbox 437 2368 556 2412; x_wconf 80' lang='grc' dir='ltr'><em>κατὰ</em></span> <span class='ocrx_word' id='word_1_310' title='bbox 587 2372 673 2413; x_wconf 75' lang='grc' dir='ltr'><strong><em>ΕΦ</em></strong></span> <span class='ocrx_word' id='word_1_311' title='bbox 705 2371 824 2414; x_wconf 82' lang='grc' dir='ltr'><em>κατὰ</em></span> <span class='ocrx_word' id='word_1_312' title='bbox 856 2374 995 2414; x_wconf 81' lang='grc' dir='ltr'><em>ΒΡῦο</em></span> <span class='ocrx_word' id='word_1_313' title='bbox 1027 2372 1106 2414; x_wconf 80' lang='grc' dir='ltr'><em>καὶ</em></span> <span class='ocrx_word' id='word_1_314' title='bbox 1147 2370 1220 2414; x_wconf 85' lang='lat' dir='ltr'><em>Us.</em></span> <span class='ocrx_word' id='word_1_315' title='bbox 1364 2379 1412 2413; x_wconf 86' lang='lat'><em>10</em></span> <span class='ocrx_word' id='word_1_316' title='bbox 1443 2369 1672 2426; x_wconf 83' lang='grc' dir='ltr'><em>δυομένου</em></span> <span class='ocrx_word' id='word_1_317' title='bbox 1703 2374 1737 2413; x_wconf 81' lang='lat'><em>1³</em></span> <span class='ocrx_word' id='word_1_318' title='bbox 1769 2372 1956 2415; x_wconf 80' lang='grc' dir='ltr'><em>διαλυο-</em></span> 
     </span>
     <span class='ocr_line' id='line_1_38' title="bbox 269 2425 1959 2486; baseline 0.002 -16"><span class='ocrx_word' id='word_1_319' title='bbox 269 2425 411 2482; x_wconf 81' lang='grc' dir='ltr'><em>μένου</em></span> <span class='ocrx_word' id='word_1_320' title='bbox 443 2431 476 2469; x_wconf 78' lang='lat' dir='ltr'>F</span> <span class='ocrx_word' id='word_1_321' title='bbox 560 2436 601 2470; x_wconf 88' lang='lat'><em>11</em></span> <span class='ocrx_word' id='word_1_322' title='bbox 635 2431 712 2472; x_wconf 79' lang='grc' dir='ltr'><em>καὶ</em></span> <span class='ocrx_word' id='word_1_323' title='bbox 747 2429 916 2486; x_wconf 81' lang='grc' dir='ltr'><em>οὐκέτι]</em></span> <span class='ocrx_word' id='word_1_324' title='bbox 950 2427 1062 2474; x_wconf 79' lang='grc' dir='ltr'><em>οὐθ’</em></span> <span class='ocrx_word' id='word_1_325' title='bbox 1095 2427 1248 2473; x_wconf 81' lang='grc' dir='ltr'><em>οὐκέτι</em></span> <span class='ocrx_word' id='word_1_326' title='bbox 1279 2429 1335 2471; x_wconf 80' lang='grc' dir='ltr'><em>Βι</em></span> <span class='ocrx_word' id='word_1_327' title='bbox 1367 2426 1479 2473; x_wconf 82' lang='grc' dir='ltr'><em>οὐθ’</em></span> <span class='ocrx_word' id='word_1_328' title='bbox 1510 2430 1565 2474; x_wconf 82' lang='grc' dir='ltr'><em>οὐ</em></span> <span class='ocrx_word' id='word_1_329' title='bbox 1596 2444 1796 2486; x_wconf 64' lang='lat' dir='ltr'><em>expansu.</em></span> <span class='ocrx_word' id='word_1_330' title='bbox 1829 2429 1886 2472; x_wconf 69' lang='grc' dir='ltr'><em>Β*</em></span> <span class='ocrx_word' id='word_1_331' title='bbox 1916 2434 1959 2474; x_wconf 81' lang='lat' dir='ltr'><em>et</em></span> 
     </span>
     <span class='ocr_line' id='line_1_39' title="bbox 270 2487 1836 2545; baseline 0.001 -15"><span class='ocrx_word' id='word_1_332' title='bbox 270 2488 322 2530; x_wconf 69' lang='lat' dir='ltr'><em>i‘n</em></span> <span class='ocrx_word' id='word_1_333' title='bbox 359 2500 447 2542; x_wconf 71' lang='lat' dir='ltr'><em>my.</em></span> <span class='ocrx_word' id='word_1_334' title='bbox 484 2500 580 2542; x_wconf 79' lang='lat' dir='ltr'><em>pos.</em></span> <span class='ocrx_word' id='word_1_335' title='bbox 621 2487 694 2530; x_wconf 85' lang='grc' dir='ltr'><em>εἰὸ</em></span> <span class='ocrx_word' id='word_1_336' title='bbox 725 2490 781 2532; x_wconf 81' lang='grc' dir='ltr'><em>οὐ</em></span> <span class='ocrx_word' id='word_1_337' title='bbox 903 2497 947 2532; x_wconf 81' lang='lat'><em>12</em></span> <span class='ocrx_word' id='word_1_338' title='bbox 980 2488 1223 2545; x_wconf 79' lang='grc' dir='ltr'><em>κέκτηνται</em></span> <span class='ocrx_word' id='word_1_339' title='bbox 1253 2488 1423 2530; x_wconf 69' lang='grc' dir='ltr'><strong><em>ΡῙΟΟΦ</em></strong></span> <span class='ocrx_word' id='word_1_340' title='bbox 1469 2488 1525 2532; x_wconf 78' lang='grc' dir='ltr'><em>οὐ</em></span> <span class='ocrx_word' id='word_1_341' title='bbox 1556 2487 1772 2545; x_wconf 79' lang='grc' dir='ltr'><em>κέκτηται</em></span> <span class='ocrx_word' id='word_1_342' title='bbox 1803 2491 1836 2531; x_wconf 85' lang='lat' dir='ltr'>B</span> 
     </span>
     <span class='ocr_line' id='line_1_40' title="bbox 270 2545 1956 2604; baseline 0.002 -17"><span class='ocrx_word' id='word_1_343' title='bbox 270 2553 316 2587; x_wconf 77' lang='lat'><em>18</em></span> <span class='ocrx_word' id='word_1_344' title='bbox 348 2545 482 2603; x_wconf 81' lang='grc' dir='ltr'><em>αὐτὸ]</em></span> <span class='ocrx_word' id='word_1_345' title='bbox 520 2546 572 2588; x_wconf 90' lang='grc' dir='ltr'><em>τὸ</em></span> <span class='ocrx_word' id='word_1_346' title='bbox 612 2546 684 2590; x_wconf 80' lang='lat' dir='ltr'><em>Us.</em></span> <span class='ocrx_word' id='word_1_347' title='bbox 728 2547 876 2604; x_wconf 81' lang='grc' dir='ltr'><em>αὐτὴν</em></span> <span class='ocrx_word' id='word_1_348' title='bbox 916 2553 959 2592; x_wconf 80' lang='lat' dir='ltr'><em>et</em></span> <span class='ocrx_word' id='word_1_349' title='bbox 995 2547 1367 2602; x_wconf 78' lang='grc' dir='ltr'><em>αἰσθανομένην,</em></span> <span class='ocrx_word' id='word_1_350' title='bbox 1407 2546 1649 2604; x_wconf 81' lang='grc' dir='ltr'><em>χρωμένην</em></span> <span class='ocrx_word' id='word_1_351' title='bbox 1683 2548 1817 2602; x_wconf 63' lang='lat' dir='ltr'><em>Mei„</em></span> <span class='ocrx_word' id='word_1_352' title='bbox 1849 2547 1956 2601; x_wconf 79' lang='lat' dir='ltr'><strong><em>fort.</em></strong></span> 
     </span>
     <span class='ocr_line' id='line_1_41' title="bbox 271 2602 1900 2664; baseline 0 -16"><span class='ocrx_word' id='word_1_353' title='bbox 271 2609 384 2649; x_wconf 83' lang='lat' dir='ltr'><strong><em>recte</em></strong></span> <span class='ocrx_word' id='word_1_354' title='bbox 414 2606 471 2659; x_wconf 80' lang='lat' dir='ltr'><em>cf.</em></span> <span class='ocrx_word' id='word_1_355' title='bbox 503 2618 566 2649; x_wconf 82' lang='lat' dir='ltr'><em>vs.</em></span> <span class='ocrx_word' id='word_1_356' title='bbox 594 2609 649 2648; x_wconf 87' lang='grc'><em>15</em></span> <span class='ocrx_word' id='word_1_357' title='bbox 682 2602 799 2649; x_wconf 79' lang='grc' dir='ltr'><em>οὖσα</em></span> <span class='ocrx_word' id='word_1_358' title='bbox 828 2608 834 2662; x_wconf 90' lang='grc' dir='ltr'>Ι</span> <span class='ocrx_word' id='word_1_359' title='bbox 865 2603 989 2664; x_wconf 83' lang='grc' dir='ltr'><em>&lt;ὂν&gt;</em></span> <span class='ocrx_word' id='word_1_360' title='bbox 1033 2607 1083 2652; x_wconf 76' lang='grc' dir='ltr'><em>ἐν</em></span> <span class='ocrx_word' id='word_1_361' title='bbox 1125 2606 1196 2651; x_wconf 69' lang='lat' dir='ltr'><em>Ue.</em></span> <span class='ocrx_word' id='word_1_362' title='bbox 1281 2613 1327 2647; x_wconf 77' lang='lat'><em>14</em></span> <span class='ocrx_word' id='word_1_363' title='bbox 1360 2606 1439 2649; x_wconf 75' lang='grc' dir='ltr'><em>καὶ</em></span> <span class='ocrx_word' id='word_1_364' title='bbox 1472 2609 1585 2662; x_wconf 84' lang='lat' dir='ltr'><em>(pr.)</em></span> <span class='ocrx_word' id='word_1_365' title='bbox 1618 2621 1701 2651; x_wconf 89' lang='lat' dir='ltr'><em>om.</em></span> <span class='ocrx_word' id='word_1_366' title='bbox 1734 2605 1900 2649; x_wconf 72' lang='lat' dir='ltr'>FP⁸zf</span> 
     </span>
     <span class='ocr_line' id='line_1_42' title="bbox 273 2662 1959 2725; baseline 0.001 -19"><span class='ocrx_word' id='word_1_367' title='bbox 273 2671 316 2706; x_wconf 72' lang='grc' dir='ltr'><em>ιο</em></span> <span class='ocrx_word' id='word_1_368' title='bbox 347 2662 558 2708; x_wconf 78' lang='lat' dir='ltr'><strong><em>Scholion</em></strong></span> <span class='ocrx_word' id='word_1_369' title='bbox 589 2668 703 2708; x_wconf 83' lang='lat' dir='ltr'><strong><em>recte</em></strong></span> <span class='ocrx_word' id='word_1_370' title='bbox 734 2665 966 2709; x_wconf 79' lang='lat' dir='ltr'><em>denotavit</em></span> <span class='ocrx_word' id='word_1_371' title='bbox 991 2665 1123 2710; x_wconf 78' lang='lat' dir='ltr'><strong><em>Schn.</em></strong></span> <span class='ocrx_word' id='word_1_372' title='bbox 1184 2671 1228 2706; x_wconf 73' lang='lat'><em>1⁷</em></span> <span class='ocrx_word' id='word_1_373' title='bbox 1262 2664 1662 2725; x_wconf 73' lang='grc' dir='ltr'><em>στρογγυλοτάτων</em></span> <span class='ocrx_word' id='word_1_374' title='bbox 1686 2668 1733 2717; x_wconf 84' lang='grc' dir='ltr'><em>Β,</em></span> <span class='ocrx_word' id='word_1_375' title='bbox 1764 2664 1820 2708; x_wconf 75' lang='lat'><em>1’1</em></span> <span class='ocrx_word' id='word_1_376' title='bbox 1850 2668 1959 2708; x_wconf 76' lang='lat' dir='ltr'><strong><em>ante</em></strong></span> 
     </span>
     <span class='ocr_line' id='line_1_43' title="bbox 269 2721 1953 2779; baseline 0 -14"><span class='ocrx_word' id='word_1_377' title='bbox 269 2735 398 2774; x_wconf 62' lang='lat' dir='ltr'><strong><em>corr„</em></strong></span> <span class='ocrx_word' id='word_1_378' title='bbox 430 2726 464 2763; x_wconf 79' lang='lat' dir='ltr'>F</span> <span class='ocrx_word' id='word_1_379' title='bbox 585 2730 630 2765; x_wconf 87' lang='lat'><em>18</em></span> <span class='ocrx_word' id='word_1_380' title='bbox 662 2721 744 2779; x_wconf 84' lang='grc' dir='ltr'><em>μέν</em></span> <span class='ocrx_word' id='word_1_381' title='bbox 776 2739 819 2765; x_wconf 91' lang='grc' dir='ltr'><em>τι</em></span> <span class='ocrx_word' id='word_1_382' title='bbox 856 2725 917 2777; x_wconf 87' lang='grc' dir='ltr'><strong><em>Φ,</em></strong></span> <span class='ocrx_word' id='word_1_383' title='bbox 947 2724 1066 2768; x_wconf 80' lang='lat' dir='ltr'><em>idem</em></span> <span class='ocrx_word' id='word_1_384' title='bbox 1097 2725 1192 2767; x_wconf 77' lang='lat' dir='ltr'><em>iam</em></span> <span class='ocrx_word' id='word_1_385' title='bbox 1225 2721 1350 2766; x_wconf 82' lang='lat' dir='ltr'><em>Gob.:</em></span> <span class='ocrx_word' id='word_1_386' title='bbox 1385 2721 1543 2779; x_wconf 84' lang='grc' dir='ltr'><em>μέντοι</em></span> <span class='ocrx_word' id='word_1_387' title='bbox 1572 2726 1616 2768; x_wconf 74' lang='grc' dir='ltr'><em>Ω,</em></span> <span class='ocrx_word' id='word_1_388' title='bbox 1736 2732 1783 2767; x_wconf 78' lang='grc'><em>19</em></span> <span class='ocrx_word' id='word_1_389' title='bbox 1813 2737 1953 2777; x_wconf 84' lang='grc' dir='ltr'><em>παρε-</em></span> 
     </span>
     <span class='ocr_line' id='line_1_44' title="bbox 270 2779 1957 2838; baseline 0.003 -15"><span class='ocrx_word' id='word_1_390' title='bbox 270 2779 485 2835; x_wconf 78' lang='grc' dir='ltr'><em>σπάρθαι</em></span> <span class='ocrx_word' id='word_1_391' title='bbox 524 2781 678 2826; x_wconf 79' lang='lat' dir='ltr'><strong><em>Schn.:</em></strong></span> <span class='ocrx_word' id='word_1_392' title='bbox 726 2780 1040 2838; x_wconf 79' lang='grc' dir='ltr'><em>παρεσπάρθη</em></span> <span class='ocrx_word' id='word_1_393' title='bbox 1074 2781 1130 2824; x_wconf 78' lang='lat'><em>13⁸</em></span> <span class='ocrx_word' id='word_1_394' title='bbox 1173 2785 1497 2837; x_wconf 82' lang='grc' dir='ltr'><em>παρεσαρθρετ</em></span> <span class='ocrx_word' id='word_1_395' title='bbox 1524 2784 1718 2826; x_wconf 74' lang='lat'><em>311’001</em></span> <span class='ocrx_word' id='word_1_396' title='bbox 1752 2794 1957 2837; x_wconf 80' lang='grc' dir='ltr'><em>παρεσα-</em></span> 
     </span>
     <span class='ocr_line' id='line_1_45' title="bbox 268 2839 1954 2904; baseline 0 -21"><span class='ocrx_word' id='word_1_397' title='bbox 268 2843 382 2894; x_wconf 77' lang='grc' dir='ltr'><em>θρεῖ</em></span> <span class='ocrx_word' id='word_1_398' title='bbox 409 2842 469 2881; x_wconf 78' lang='lat' dir='ltr'><em>zf</em></span> <span class='ocrx_word' id='word_1_399' title='bbox 496 2843 866 2894; x_wconf 84' lang='grc' dir='ltr'><em>παρεσαθρεῖται</em></span> <span class='ocrx_word' id='word_1_400' title='bbox 899 2842 937 2883; x_wconf 88' lang='grc' dir='ltr'><strong><em>Φ</em></strong></span> <span class='ocrx_word' id='word_1_401' title='bbox 977 2842 1034 2894; x_wconf 77' lang='lat' dir='ltr'><em>cf.</em></span> <span class='ocrx_word' id='word_1_402' title='bbox 1075 2842 1175 2884; x_wconf 64' lang='lat' dir='ltr'><em>Aet.</em></span> <span class='ocrx_word' id='word_1_403' title='bbox 1208 2853 1257 2895; x_wconf 79' lang='lat' dir='ltr'><em>p.</em></span> <span class='ocrx_word' id='word_1_404' title='bbox 1290 2843 1382 2884; x_wconf 87' lang='lat'><em>390</em></span> <span class='ocrx_word' id='word_1_405' title='bbox 1421 2841 1503 2885; x_wconf 79' lang='lat' dir='ltr'><em>Di.</em></span> <span class='ocrx_word' id='word_1_406' title='bbox 1534 2842 1658 2887; x_wconf 81' lang='lat' dir='ltr'><em>Dox.</em></span> <span class='ocrx_word' id='word_1_407' title='bbox 1702 2843 1709 2897; x_wconf 84' lang='grc' dir='ltr'>Ι</span> <span class='ocrx_word' id='word_1_408' title='bbox 1748 2839 1954 2904; x_wconf 72' lang='grc' dir='ltr'><em>θώρακι]</em></span> 
     </span>
     <span class='ocr_line' id='line_1_46' title="bbox 272 2898 923 2955; baseline -0.002 -14"><span class='ocrx_word' id='word_1_409' title='bbox 272 2900 444 2953; x_wconf 76' lang='grc' dir='ltr'><em>σώματι</em></span> <span class='ocrx_word' id='word_1_410' title='bbox 477 2901 545 2951; x_wconf 77' lang='lat' dir='ltr'><em>Zf,</em></span> <span class='ocrx_word' id='word_1_411' title='bbox 578 2915 633 2955; x_wconf 78' lang='grc' dir='ltr'><em>γρ</em></span> <span class='ocrx_word' id='word_1_412' title='bbox 666 2901 718 2942; x_wconf 80' lang='lat' dir='ltr'><em>in</em></span> <span class='ocrx_word' id='word_1_413' title='bbox 748 2912 833 2955; x_wconf 71' lang='lat' dir='ltr'><em>my.</em></span> <span class='ocrx_word' id='word_1_414' title='bbox 867 2898 923 2940; x_wconf 74' lang='lat'><em>1⁸³</em></span> 
     </span>
    </p>
   </div>
  </div>
 </body>
</html>
