2032 3128
748 522 1160 578 PRAEFATIO

186 639 394 684 Tandem
426 640 476 684 in
507 639 744 697 publicum
779 640 938 697 prodit
967 640 1084 685 haec
1116 639 1261 684 editio
1295 639 1659 686 clarissimarum
1694 642 1801 700 Epi-

113 699 213 744 curi
242 699 548 756 reliquiarum
580 699 797 745 confecta
827 699 924 743 iam
956 702 1063 744 ante
1096 698 1301 756 quinque
1334 699 1430 743 fere
1461 713 1608 745 annos
1636 704 1685 745 et
1707 704 1801 746 tum

109 759 208 803 iam
247 758 309 804 ad
347 757 657 815 bibliopolam
688 758 853 814 missa,
893 758 1064 804 deinde
1095 772 1202 803 vero
1234 757 1373 802 variis
1403 758 1543 803 rebus
1572 758 1804 817 impedita

112 818 359 874 quominus
403 817 534 874 prelo
579 817 960 862 committeretur.
1018 817 1199 862 Vellem
1239 831 1361 861 nunc
1400 817 1627 863 nonnulla
1665 819 1804 864 aliter

112 876 449 929 instituissem,
488 890 599 920 nam
638 876 796 929 video,
836 876 926 921 etsi
964 876 1366 934 interpretationis
1408 877 1697 922 adminicula
1724 878 1803 923 hic

113 935 211 981 illic
242 936 291 980 in
322 935 447 979 notis
480 935 795 993 suppeditavi,
827 935 948 980 talia
978 935 1118 981 facile
1150 936 1313 990 augeri
1343 949 1494 992 posse,
1525 936 1662 981 video
1686 951 1801 992 quo-

111 1008 203 1052 que
247 994 297 1039 in
343 994 623 1062 coniecturis
669 1009 709 1038 v.
744 995 987 1039 doctorum
1026 994 1275 1039 afferendis
1314 1008 1390 1040 me
1430 994 1671 1051 aliquanto
1711 995 1802 1040 lar-

110 1053 1804 1171 §mmmm{5331335‘{3130335303‘23322332’33‘33155333232

110 1173 264 1230 ipsum
305 1170 555 1216 consilium
586 1171 808 1216 editionis
839 1185 990 1226 meae,
1031 1186 1125 1229 qua
1156 1186 1262 1216 cum
1294 1171 1613 1217 fundamentis
1645 1186 1673 1216 a
1703 1172 1803 1218 viro

115 1244 294 1274 summo
338 1231 506 1287 positis
544 1231 687 1287 plane
725 1231 972 1286 niteretur,
1011 1234 1165 1275 tamen
1197 1230 1518 1275 demonstrare
1555 1230 1703 1285 volui,
1742 1232 1803 1275 ad

114 1288 254 1334 verba
292 1289 485 1346 Epicuri
532 1290 854 1347 recuperanda
902 1290 1030 1334 haud
1076 1303 1181 1334 raro
1230 1302 1335 1332 cum
1375 1290 1551 1335 maiore
1591 1290 1805 1335 cautione

109 1349 344 1406 agendum
394 1362 509 1394 esse.
571 1348 737 1405 Neque
776 1348 1042 1393 nesciebam
1086 1349 1186 1393 fore
1223 1348 1306 1403 qui
1343 1348 1670 1406 reprehensuri
1709 1349 1805 1394 sint

112 1407 238 1464 quod
270 1408 485 1452 codicum
509 1406 734 1452 lectiones
759 1422 876 1464 quas
900 1407 1094 1453 inutiles
1119 1406 1442 1464 appellabunt,
1472 1421 1802 1454 commemora·

112 1466 271 1521 verim,
294 1466 456 1512 multis
482 1480 593 1510 sane
618 1467 783 1523 quales
806 1467 855 1511 in
874 1467 1068 1512 Useneri
1093 1465 1396 1511 adnotatione
1421 1466 1587 1510 critica
1602 1466 1803 1525 legimus

111 1525 362 1583 repressis;
395 1526 478 1570 sed
510 1525 622 1582 quia
654 1525 848 1584 vulgata
878 1540 1021 1582 quarn
1050 1525 1248 1570 dicimus
1273 1525 1518 1583 scriptura,
1549 1539 1670 1582 quae
1692 1526 1803 1572 inde

113 1584 175 1629 ab
221 1584 433 1630 editione
471 1584 767 1630 Frobeniana
806 1585 981 1630 Laertii
1022 1583 1244 1643 Diogenis
1291 1584 1448 1642 viguit
1485 1583 1559 1629 vel
1597 1584 1803 1631 Usenero

112 1643 190 1688 hic
220 1642 320 1688 illic
352 1644 598 1701 imposuit,
638 1645 738 1688 eius
778 1644 895 1688 vitia
927 1647 976 1688 et
1006 1644 1178 1688 damna
1209 1642 1447 1689 illustmre
1478 1642 1619 1688 debui
1650 1658 1802 1702 neque

113 1702 323 1759 paenitet
369 1717 444 1748 me
491 1703 627 1748 facti:
675 1717 785 1747 nam
831 1717 920 1761 ego
969 1703 1064 1748 iam
1103 1704 1154 1747 in
1192 1702 1482 1748 editionibus
1520 1702 1801 1760 scriptorum

113 1761 435 1818 antiquorum,
475 1776 593 1819 quas
633 1763 888 1807 secundum
926 1776 1104 1807 morem
1146 1760 1284 1805 huius
1317 1762 1495 1807 saeculi
1526 1775 1667 1818 quam
1701 1762 1802 1808 bre—

115 1820 303 1865 vissimo
334 1823 570 1879 apparatu
601 1822 764 1866 critico
796 1821 1052 1866 instructas
1083 1834 1185 1866 esse
1215 1820 1493 1878 gloriantur,
1529 1821 1801 1878 saepissime

113 1883 162 1924 et
190 1880 331 1924 utilia
362 1884 411 1925 et
439 1894 590 1938 paene
622 1882 887 1926 necessaria
918 1894 1058 1938 aegre
1090 1879 1367 1926 desideravi.
1414 1882 1570 1937 Atque
1603 1880 1801 1925 nimium

118 1940 166 1982 in
205 1938 279 1982 his
319 1938 430 1984 dare
466 1953 609 1995 quam
647 1953 814 1998 parum
852 1940 1014 1985 malui.
1074 1940 1174 1983 Hoc
1204 1952 1312 1983 vero
1344 1938 1547 1985 libenter
1576 1941 1801 1985 concedo:

115 2011 221 2042 cum
260 1998 485 2043 maiorem
523 2002 706 2056 partem
746 1998 857 2044 libri
897 1999 1066 2043 decimi
1105 1998 1153 2043 L.
1194 1997 1248 2042 D.
1289 1998 1495 2053 ederem,
1542 1999 1803 2067 oportuisse

113 2059 261 2101 totum
310 2057 388 2101 edi
434 2057 676 2115 ipsiusque
716 2058 907 2116 Epicuri
955 2072 1097 2103 causa
1142 2070 1199 2101 ea
1244 2072 1337 2102 non
1382 2059 1637 2116 praeterire
1680 2072 1802 2114 quae

117 2115 345 2174 Diogenes
395 2116 453 2160 de
500 2130 555 2161 eo
602 2118 796 2174 eiusque
843 2117 1058 2162 doctrina
1100 2116 1391 2174 conscripsit.
1455 2116 1588 2170 Quod
1627 2117 1667 2160 si
1708 2117 1802 2162 fors

111 2173 276 2220 tulerit
305 2178 359 2219 ut
388 2174 578 2220 libellus
608 2188 739 2221 meus
771 2179 1005 2234 emptores
1036 2176 1356 2231 nanciscatur,
1388 2177 1437 2220 in
1469 2175 1676 2219 secunda
1704 2176 1802 2221 edi-

111 2232 239 2279 tione
270 2248 344 2278 me
376 2248 474 2279 rem
506 2235 747 2279 absolvere
778 2248 915 2293 posse
948 2248 1095 2291 spero.

188 2291 482 2350 Quicumque
504 2293 825 2339 Hermanno
852 2294 1103 2339 Usenero
1136 2293 1426 2350 antiquiores
1450 2291 1682 2336 editiones
1706 2293 1801 2338 sivo

114 2349 290 2396 Laertii
322 2352 546 2411 Diogenis
588 2353 687 2397 sive
726 2352 1061 2410 Epicureorum
1094 2351 1226 2397 adire
1265 2356 1453 2397 coactus
1485 2350 1598 2407 erit,
1635 2354 1690 2396 ut
1718 2355 1797 2409 qui

112 2408 255 2453 etiam
287 2413 396 2468 post
426 2411 553 2457 illius
586 2425 719 2456 curas
752 2413 931 2456 fructus
962 2411 1073 2455 inde
1105 2411 1235 2468 carpi
1265 2411 1449 2469 possint
1486 2409 1670 2466 videat,
1707 2425 1798 2455 non
1867 2422 1873 2427 ’

114 2467 251 2512 modo
282 2470 371 2514 viri
403 2470 543 2515 laude
575 2485 682 2515 mea
711 2472 903 2515 maioris
936 2484 1166 2515 summum
1199 2470 1456 2529 ingenium,
1488 2469 1571 2513 sed
1602 2469 1801 2527 diligen—

112 2526 227 2571 tiam
274 2542 461 2586 quoque
508 2529 908 2575 accuratissimam
955 2529 1280 2574 admirabitur.
1352 2527 1422 2572 Ita
1466 2527 1801 2586 circumspecte·

111 2585 270 2630 omnia
299 2589 349 2630 et
379 2588 516 2634 docte
547 2588 898 2634 administravit
928 2590 982 2633 ut
1012 2588 1103 2632 nisi
1136 2588 1266 2633 illius
1300 2586 1674 2644 ‘Epicureorum’
1707 2587 1798 2631 col-

112 2645 359 2689 lectionem
392 2646 761 2705 fragmentorum
785 2647 928 2705 (Lips.
957 2649 1090 2702 1887)
1122 2646 1283 2692 crebro
1317 2645 1488 2701 adibis,
1518 2646 1665 2691 editio
1695 2660 1802 2691 mea

110 2703 237 2748 baud
267 2703 338 2747 ita
368 2718 540 2762 magno
571 2707 680 2751 usui
710 2707 798 2751 tibi
830 2707 992 2752 futura
1022 2706 1098 2751 sit„
1145 2705 1267 2750 Nam
1298 2708 1352 2749 ut
1379 2708 1564 2750 taceam
1588 2705 1646 2749 de
1674 2704 1801 2749 ‘sub-

113 2761 235 2806 sidio
273 2762 713 2821 interpretationi-⁹,
752 2766 877 2821 quod
917 2765 968 2809 in
1006 2778 1084 2831 pp.
1120 2769 1205 2808 375
1218 2778 1319 2820 sqq.
1375 2763 1570 2808 Useneri
1612 2762 1801 2821 legitur,

116 2818 303 2876 Epicuri
339 2834 529 2878 parcam
561 2825 611 2868 et
640 2823 886 2869 obscuram
917 2823 1216 2877 brevitatem,
1256 2836 1396 2879 quam
1428 2823 1478 2866 in
1509 2821 1724 2879 epistolis
1754 2828 1803 2867 et

112 2880 357 2926 sententiis
382 2878 652 2936 affectabat,
675 2882 751 2926 vix
775 2882 1039 2941 intelleges,
1064 2882 1159 2927 nisi
1182 2880 1397 2927 consules
1421 2894 1542 2939 quae
1567 2879 1638 2925 vel
1658 2882 1802 2927 ceteri

1466 2956 1528 2998 a*
