2032 3128
243 112 316 163 46
759 108 999 154 EPIGURI
1028 109 1325 155 EPISTULA
1354 112 1420 156 111
1695 118 1929 164 125—127

247 244 356 299 τόθ’
385 245 524 312 ἡμεῖς
555 248 644 298 οὐκ
677 247 831 312 ἐσμέν.
872 246 983 298 οὔτε
1014 241 1107 298 οὖν
1137 248 1261 315 πρὸς
1291 249 1408 309 τοὺς
1439 251 1623 311 ζῶντάς
1653 251 1784 302 ἐστιν
1814 253 1927 305 οὔτε

245 328 368 395 πρὸς
398 329 513 388 τοὺς
546 329 953 394 τετελευτηκότας,
982 328 1241 396 ἐπειδήπερ
1273 329 1384 397 περὶ
1414 330 1503 392 οὓς
1533 330 1624 398 μὲν
1654 332 1748 383 οὐκ
1777 319 1927 398 ἔστιν,

245 411 295 459 οἳ
331 404 379 458 δ’
407 408 566 459 οὐκέτι
605 410 743 459 εἰσίν.
793 404 918 458 Ἀλλ’
962 411 1014 459 οἱ
1049 410 1219 461 πολλοὶ
1258 410 1344 460 τὸν
1374 412 1598 462 θάνατον
1630 411 1707 464 ὁτὲ
1739 413 1828 479 μὲν
1858 414 1930 477 ὣς
1992 460 2000 474 ,

245 488 467 556 μέγιστον
498 498 595 539 τῶν
625 497 790 539 κακῶν
821 491 1109 556 φεύγουσιν,
1140 488 1217 540 ὁτὲ
1248 489 1301 541 δὲ
1333 489 1398 552 ὥς
1429 492 1712 543 ἀνάπαυσιν
1742 503 1841 546 τῶν
1869 497 1925 548 ἐν

130 575 223 620 126
247 574 312 640 τῷ
348 572 436 636 ζῆν
474 569 676 636 (κακῶν
714 571 978 645 αζροῦνται.
1030 571 1056 622 ὅ
1095 571 1148 622 δὲ
1188 571 1342 635 σοφὸς
1380 572 1491 625 οὔτε
1529 581 1834 642 παραιτεῖται
1868 578 1925 629 τὸ

201 672 221 704 e
245 648 370 716 ζῆν)
407 651 516 702 οὔτε
556 654 781 717 φοβεῖται
819 651 871 701 τὸ
911 651 978 717 μὴ
1018 654 1128 718 ζῆν·
1168 651 1280 703 οὔτε
1318 653 1410 720 γὰρ
1442 655 1575 724 αὐτῷ
1605 657 1924 721 προσίσταται

242 731 294 781 τὸ
334 734 422 797 ζῆν
461 730 571 782 οὔτε
611 731 799 792 δοξάζει
835 732 988 782 κακὸν
1027 728 1159 783 εἷναί
1183 752 1230 783 τι
1260 733 1313 784 τὸ
1346 734 1414 800 μὴ
1447 739 1548 802 ζῆν.
1588 736 1750 804 ὥσπερ
1782 735 1836 789 δὲ
1866 738 1921 789 τὸ
1951 777 1954 780 -

242 813 396 862 σιτίον
436 813 495 862 ού
535 813 589 863 τὸ
629 817 797 862 πλεῖον
831 813 1023 874 πάντως
1053 813 1174 864 ἀλλὰ
1205 813 1258 864 τὸ
1288 816 1494 881 ἥδιστον
1523 819 1752 884 αἱρεῖται,
1789 820 1920 871 οὕτω

248 905 331 955 καὶ
371 905 549 972 χρόνον
591 906 652 955 ού
694 906 779 955 τὸν
823 904 1059 968 μήκιστον
1102 903 1222 952 ἀλλὰ
1262 903 1348 954 τὸν
1388 903 1590 968 ἥδιστον
1628 905 1921 971 καρπίζεται.

185 1008 227 1040 ιο
245 980 298 1037 ‘O
330 985 383 1036 δὲ
413 984 759 1052 παραγγέλλων
787 985 874 1034 τὸν
906 983 996 1048 μὲν
1026 983 1142 1034 νέον
1171 988 1330 1045 καλῶς
1362 986 1474 1049 ζῆν,
1510 983 1596 1034 τὸν
1636 982 1689 1035 δὲ
1718 983 1923 1052 γέροντα

245 1071 405 1127 καλῶς
434 1064 802 1132 καταστρέφειν,
831 1064 1025 1130 εὐήθης
1056 1063 1186 1115 ἐστὶν
1217 1063 1278 1115 ού
1309 1064 1463 1129 μόνον
1495 1064 1576 1114 διὰ
1608 1064 1662 1115 τὸ
1685 1072 1773 1130 τῆς
1794 1066 1923 1129 ζωῆς

245 1147 513 1213 ἀσπαστόν,
544 1146 667 1197 ἀλλὰ
696 1146 779 1197 καὶ
802 1145 885 1196 διὰ
908 1145 961 1196 τὸ
983 1146 1075 1210 τὴν
1098 1145 1254 1211 αὐτὴν
1276 1141 1403 1196 εἶναι
1427 1144 1627 1211 μελέτην
1649 1154 1738 1197 τοῦ
1761 1149 1927 1205 καλῶς

247 1229 335 1293 ζῆν
364 1227 447 1278 καὶ
475 1235 564 1278 τοῦ
594 1232 752 1288 καλῶς
789 1221 1147 1296 ἀποθνῄσκειν.
1184 1227 1310 1277 πολὺ
1342 1225 1396 1277 δὲ
1417 1228 1591 1294 χείρων
1612 1226 1696 1277 καὶ
1718 1226 1746 1278 ὅ
1768 1225 1929 1294 λέγων

465 1308 614 1359 καλὸν
645 1308 734 1374 μὲν
764 1308 832 1373 μὴ
863 1316 1038 1374 φῦναι,

182 1409 225 1442 1⁶
468 1391 630 1454 φύντα
661 1386 706 1439 δ’
735 1390 878 1449 ὅπως
897 1387 1077 1439 ὤκιστα
1105 1389 1263 1455 πύλας
1288 1385 1456 1440 ’.Αίδαο
1486 1396 1706 1455 περῆσαι.

131 1469 235 1560 ἷὲθῗ
251 1471 319 1519 Εἰ
356 1469 443 1535 μὲν
480 1470 572 1537 γὰρ
610 1469 865 1529 πεποιθὼς
902 1469 1044 1520 τοῦτό
1077 1483 1255 1535 φησιν,
1300 1477 1407 1531 πῶς
1444 1470 1537 1521 οὐκ
1574 1468 1827 1537 ἀπέρχεται
1868 1468 1931 1520 {aa

250 1559 338 1601 τοῦ
369 1552 484 1616 ζῆν;
514 1550 569 1600 ἐν
599 1549 772 1620 ἑτοίμῳ
803 1550 896 1616 γὰρ
927 1550 1058 1619 αὐτῷ
1077 1546 1208 1601 τοῦτ’
1235 1550 1384 1616 ἐστίν,
1414 1551 1548 1618 εἴπερ
1569 1544 1636 1616 ἦν
1659 1551 1922 1616 βεβουλευ-

250 1630 398 1695 μένον
429 1631 561 1700 αὐτῷ
587 1632 818 1696 βεβαίως·
864 1631 910 1681 εἰ
938 1629 990 1681 δὲ
1022 1631 1340 1697 μωκώμενος,
1380 1631 1583 1696 μάταιος
1611 1630 1666 1682 ἐν
1695 1635 1796 1691 τοῖς
1828 1629 1924 1680 οὐκ

248 1710 605 1778 ἐπιδεχομένοις
659 1711 1054 1777 Μνημονευτέον
1086 1711 1139 1763 δὲ
1169 1710 1236 1773 ὥς
1267 1713 1320 1762 τὸ
1353 1710 1528 1777 μέλλον
1548 1708 1696 1777 (οὔτε
1725 1711 1925 1771 πάντως

181 1818 225 1851 ,0
247 1789 517 1858 ἡμέτερον)
533 1792 643 1844 οὔτε
666 1794 862 1854 πάντως
886 1794 975 1859 οὐχ
995 1791 1247 1861 ἡμέτερον,
1270 1794 1353 1843 ἴνα
1369 1793 1487 1859 μήτε
1503 1792 1700 1852 πάντως
1713 1789 1943 1859 προσμέῂ

247 1891 411 1936 νωμεν
434 1872 500 1934 ὥς
523 1873 755 1938 ἐσόμενον
778 1874 896 1938 μήτε
919 1874 1253 1939 ἀπελπίζωμεν
1273 1872 1340 1934 ὥς
1355 1875 1551 1933 πάντως
1567 1873 1659 1924 οὐκ
1674 1871 1922 1939 ἐσόμενον.

324 1953 683 2020 Ἀναλογιστέον
722 1953 774 2005 δὲ
812 1953 878 2014 ὡς
915 1963 1014 2005 τῶν
1051 1955 1333 2019 ἐπιθυμιῶν
1371 1956 1427 2005 αἱ
1453 1954 1542 2019 μέν
1574 1954 1668 2004 εἱσι
1697 1953 1920 2019 φυσικαί,

251 2033 306 2082 αἰ
332 2032 383 2083 δὲ
415 2036 570 2098 κεναί,
600 2033 683 2084 καὶ
713 2042 809 2084 τῶν
840 2043 1069 2099 φυσικῶν
1099 2037 1156 2085 αἱ
1181 2034 1270 2101 μὲν
1300 2035 1582 2102 ἀναγκαῖαι,
1612 2037 1669 2085 αἷ
1694 2033 1748 2085 δὲ
1770 2048 1915 2098 φυσι-

310 2205 334 2239 2
358 2200 605 2254 επειδήπερ
631 2235 640 2244 .
669 2236 677 2245 .
706 2238 713 2246 .
739 2212 764 2246 8
788 2204 905 2249 εἰσίν
936 2218 1018 2250 om.
1048 2208 1086 2249 Φ
1145 2215 1169 2250 8
1200 2208 1261 2258 ὡς
1292 2222 1375 2252 om.
1406 2210 1444 2252 Φ
1515 2218 1539 2253 5
1569 2216 1730 2253 κακῶν
1754 2243 1763 2252 .
1790 2243 1800 2252 .
1827 2244 1836 2252 .
1861 2209 1916 2254 τὸ

237 2256 318 2312 ζῆν
357 2258 504 2313 suppl.
548 2259 618 2303 Us.
661 2261 904 2316 αἱροῦνται
934 2269 1043 2320 post
1079 2267 1161 2322 ζῆν
1197 2281 1304 2311 sscr.
1339 2271 1391 2309 co
1423 2282 1545 2312 man.
1578 2281 1687 2321 rec„
1721 2268 1917 2326 (κακῶν

235 2316 503 2382 ποθοῦσιν)
521 2318 692 2372 Ambr.‚
717 2321 816 2372 Cass.
843 2322 1104 2380 (ζητοῦσιν.
1131 2324 1156 2368 ὁ
1182 2326 1327 2381 σοφὸς
1350 2323 1472 2384 οὖν)
1498 2327 1612 2371 Mei.
1675 2334 1696 2368 '1
1729 2325 1914 2379 δοξᾶζδῑ

236 2370 482 2419 thhards:
515 2375 752 2428 δοξάζεται
782 2382 875 2423 ,ΩΦ
901 2385 908 2437 1
934 2381 998 2438 τι]
1029 2397 1076 2425 τε
1106 2385 1159 2425 Ζι
1190 2398 1274 2428 om.
1305 2388 1378 2426 FZ
1409 2398 1549 2438 corn,
1580 2389 1604 2427 f
1625 2386 1633 2439 Ι
1659 2385 1710 2429 τὸ
1744 2382 1892 2429 σιτίον

236 2429 381 2476 σιτίον
416 2435 468 2487 Φ,
509 2433 580 2506 (Is.
619 2442 710 2479 τῶν
743 2437 897 2483 σιτίων
927 2438 985 2481 13²
1023 2441 1075 2483 in
1105 2456 1192 2500 my.
1224 2444 1329 2496 fort.
1362 2449 1475 2489 recte
1593 2451 1617 2486 8
1647 2441 1699 2488 τὸ
1730 2385 1915 2518 nutavi

234 2490 392 2533 πλεῖον
426 2493 464 2533 Φ
493 2508 545 2536 το
576 2496 787 2539 πλεῖστον
818 2498 955 2553 Leop.
984 2500 992 2552 Ι
1018 2497 1069 2543 τὸ
1101 2498 1238 2557 ἥδιον
1279 2501 1351 2545 Us.
1443 2510 1491 2544 10
1525 2501 1671 2558 Quis?
1753 2510 1799 2545 12
1829 2505 1912 2547 δια

234 2554 315 2591 τοῦ
346 2547 431 2603 τὴν
453 2554 525 2592 ΕΖ
645 2560 691 2594 18
721 2561 875 2609 χεῖρον
906 2556 1030 2599 3¹21
1137 2568 1183 2603 14
1195 2574 1257 2617 sq.
1294 2559 1527 2605 Certamen
1557 2561 1695 2606 Hom.
1727 2565 1770 2604 et
1798 2560 1909 2607 Hes,

235 2619 295 2649 υε.
324 2609 454 2661 78⁸4.
487 2610 636 2661 Allen,
674 2612 892 2670 Theognis
923 2618 1025 2658 425.
1057 2621 1148 2661 427
1244 2625 1291 2660 15
1321 2619 1524 2673 περᾶσαι
1554 2623 1588 2662 F
1618 2618 1838 2674 περήσειν
1871 2622 1911 2662 Φ

293 2671 339 2706 18
371 2665 420 2708 ἐκ
443 2666 526 2709 del.
560 2668 632 2712 Us.
706 2678 752 2712 1⁹
777 2669 827 2714 δὲ
851 2673 928 2730 ὡς]
954 2670 1022 2717 ὅτι
1048 2677 1086 2716 Φ
1112 2679 1119 2729 Ι
1146 2676 1251 2720 οὔτε
1275 2675 1461 2726 πάντως
1484 2677 1705 2733 ἡμέτερον
1732 2679 1792 2721 Φε
1823 2691 1908 2721 om.

235 2722 468 2765 131³²r¹zr
496 2724 599 2791 office
631 2726 851 2783 ἡμέτερον
881 2732 934 2774 in
963 2745 1048 2789 my.
1080 2734 1228 2790 suppl.
1261 2733 1480 2791 P¹(Q‚W)‚
1512 2737 1630 2780 idem
1660 2741 1767 2780 ante
1796 2752 1909 2792 μνη-

235 2778 482 2833 μονευτέον
511 2797 643 2829 mser.
676 2785 797 2829 r'co
858 2797 908 2831 20
929 2789 1117 2843 πάντως
1139 2791 1254 2836 αὐτὸ
1277 2807 1439 2850 προσμ.
1467 2796 1507 2837 Φ
1535 2794 1723 2845 πάντως
1744 2807 1909 2851 προσμ.

236 2838 418 2895 (αὐτὸ)
455 2841 564 2884 Mei.
671 2853 718 2887 22
750 2845 822 2903 δὲ]
853 2863 900 2891 τε
928 2851 967 2891 Φ
993 2850 1001 2903 Ι
1029 2850 1111 2894 εἰσι
1139 2885 1148 2894 .
1174 2885 1184 2895 .
1214 2887 1221 2894 .
1248 2859 1297 2893 28
1328 2851 1377 2894 αὶ
1409 2851 1491 2907 μὲν
1522 2867 1604 2897 om.
1630 2857 1691 2894 ΖΙ
1776 2860 1825 2895 28
1857 2852 1907 2894 αἱ

235 2893 317 2948 μὲν
349 2897 463 2940 εἰσὶν
494 2900 747 2956 ἀναγκαῖαι
782 2905 820 2946 Φ
