2032 3128
199 595 218 624 5

242 115 312 165 64
662 111 745 155 GN
748 109 1112 155 OMOLOGIUM
1147 107 1508 153 VATICANUM

244 259 390 301 ταῦτα
421 250 512 317 γὰρ
544 250 666 315 ἔχων
697 268 769 309 τις
799 249 882 298 καὶ
913 248 1117 308 ἐλπίζων
1148 247 1273 308 ἕξειν
1307 246 1399 296 κᾶν
1431 245 1732 314 <Aa2>1t3n2<>
1759 248 1921 297 εὐδαι-

242 333 416 396 μονίας
448 330 716 397 μαχέσαιτο.

319 416 386 462 34
425 412 527 477 Οὐχ
566 412 721 471 οὕτως
762 413 926 478 χρείαν
965 411 1136 476 ἔχομεν
1167 418 1254 475 τῆς
1285 412 1445 476 χρείας
1478 410 1607 474 παρὰ
1638 417 1736 458 τῶν
1769 411 1928 472 φίλων
1987 452 1994 466 ,

245 493 309 554 ὡς
339 501 426 558 τῆς
457 494 662 553 πίστεως
692 501 782 558 τῆς
814 491 924 559 περὶ
954 499 1042 556 τῆς
1072 493 1247 559 χρείας.

320 577 386 625 35
426 574 501 624 Οὐ
542 575 623 623 δεῖ
653 574 980 637 λυμαίνεσθαι
1020 572 1080 622 τὰ
1111 573 1331 639 παρόντα
1363 581 1461 622 τῶν
1492 572 1721 623 ἀπόντων
1753 571 1906 622 ἐπιθυ

245 658 348 726 μία,
378 650 485 705 ἀλλ’
511 655 871 721 ἐπιλογίζεσθαι
904 653 975 702 ὅτι
1006 653 1090 703 καὶ
1122 663 1272 704 ταῦτα
1304 662 1402 704 τῶν
1433 653 1671 704 εὐκταίων
1703 648 1779 720 ἦν.

319 740 386 788 36
405 732 462 786 Ὁ
481 731 779 802 Ἐπικούρου
803 735 913 799 βίος
935 740 1038 795 τοῖς
1062 744 1161 785 τῶν
1186 733 1347 786 ἄλλων
1368 735 1750 802 συγκρινόμενος
1768 734 1930 785 ἕνεκεν

246 817 540 884 ἡμερότητος
571 816 652 866 καὶ
683 815 972 883 αὐταρκείας
1005 822 1170 881 μῦθος
1201 815 1265 866 ἂν
1295 818 1574 881 νομισθείη.

323 903 389 948 37
436 895 678 962 Ἀσθενὴς
719 894 751 961 ἡ
796 898 948 961 φύσις
991 897 1091 948 ἐστὶ
1131 898 1257 966 πρὸς
1299 898 1352 948 τὸ
1390 898 1570 959 κακόν,
1617 898 1677 949 οὐ
1716 899 1840 963 πρὸς
1880 899 1933 947 τὸ

181 999 229 1029 10
252 981 467 1047 ἀγαθόν·
500 978 706 1044 ἡδοναῖς
738 975 827 1043 μὲν
857 978 949 1044 γὰρ
982 977 1199 1059 σςόζεται,
1229 978 1464 1046 ἀλγηδόσι
1498 978 1550 1029 δὲ
1582 980 1842 1030 διαλύεται.

185 1406 225 1437 15

186 1813 229 1842 20

190 2214 231 2244 2⁶

323 1063 390 1112 38
426 1060 626 1126 Μικρὸς
657 1060 985 1125 παντάπασιν,
1011 1059 1049 1128 ᾧ
1075 1059 1248 1110 πολλαὶ
1273 1061 1424 1110 αἰτίαι
1447 1059 1640 1126 εὕλογοι
1662 1061 1731 1120 εἰς
1755 1059 1933 1126 ἐξαγω-

249 1144 343 1208 γὴν
374 1144 502 1208 βίου.

325 1227 392 1274 39
432 1218 567 1274 Οὕθ’
595 1221 621 1273 ὁ
660 1222 750 1286 τὴν
783 1225 946 1289 χρείαν
978 1224 1221 1288 ἐπιζητῶν
1256 1223 1336 1273 διὰ
1370 1224 1552 1284 παντὸς
1584 1226 1727 1288 φίλος
1760 1219 1878 1273 οὔθ’
1908 1221 1935 1272 ὁ

251 1304 489 1370 μηδέποτε
537 1305 818 1354 συνάπτων
877 1303 902 1354 ὃ
951 1303 1039 1370 μὲν
1085 1305 1177 1372 γὰρ
1226 1306 1492 1369 καπηλεύει
1538 1312 1596 1375 τῇ
1644 1305 1800 1372 χάριτι
1845 1305 1935 1367 τὴν

251 1386 492 1451 ἀμοιβήν,
539 1383 565 1433 ὃ
613 1383 663 1434 δὲ
710 1384 975 1436 ἀποκόπτει
1022 1386 1114 1450 τὴν
1160 1405 1270 1451 περι
1319 1395 1406 1436 τοῦ
1452 1385 1708 1450 μέλλοντος
1749 1385 1933 1435 εὔελπι-

252 1469 401 1518 στίαν.

329 1552 400 1599 40
427 1544 480 1599 ‘O
514 1546 664 1614 λέγων
698 1549 858 1598 πάντα
889 1545 995 1599 κατ’
1025 1549 1250 1616 ἀνάγκην
1280 1550 1510 1614 γίνεσθαι
1541 1546 1691 1598 οὐδὲν
1722 1547 1940 1615 ἐγκαλεῖν

253 1631 346 1695 ἔχει
382 1635 449 1699 τῷ
488 1628 673 1695 λε’γοντι
713 1631 780 1696 μὴ
817 1631 977 1680 πάντα
1009 1627 1116 1681 κατ’
1144 1629 1368 1697 ἀνάγκην
1398 1629 1649 1694 γίνεσθαι“
1697 1629 1816 1680 αὐτὸ
1847 1627 1939 1694 γὰρ
2013 1671 2019 1674 .

254 1712 396 1762 τοῦτό
429 1726 554 1775 φησι
587 1707 695 1759 κατ’
728 1710 953 1778 ἀνάγκην
983 1714 1227 1779 γίνεσθαι.

329 1796 393 1842 41
431 1795 589 1842 Γελᾶν
620 1792 720 1856 ἅμα
753 1794 835 1842 δεῖ
857 1793 940 1843 καὶ
972 1797 1268 1857 φιλοσοφεῖν
1301 1792 1382 1842 καὶ
1414 1793 1692 1856 οἰκονομεῖν
1725 1791 1807 1840 καὶ
1838 1795 1940 1849 τοῖς

254 1878 440 1932 λοιποῖς
488 1873 771 1937 οἰκειώμασι
813 1879 1028 1940 χρῆσθαι
1069 1874 1152 1924 καὶ
1195 1876 1401 1943 μηδαμῇ
1442 1874 1607 1936 λήγειν
1647 1871 1731 1931 τὰς
1771 1870 1825 1921 ἐκ
1854 1879 1941 1935 τῆς

255 1954 413 2021 ὀρθῆς
446 1955 745 2016 φιλοσοφίας
777 1955 950 2019 φωνὰς
981 1953 1232 2018 ἀφιέντας.

331 2038 397 2084 42
423 2030 479 2083 Ὁ
510 2033 656 2094 αὐτὸς
688 2036 862 2100 χρόνος
893 2035 975 2086 καὶ
1005 2036 1238 2102 γενέσεως
1268 2043 1357 2085 τοῦ
1388 2037 1614 2101 μεγίστου
1638 2034 1837 2100 ἀγαθοῦ
1859 2033 1940 2082 καὶ

256 2115 582 2174 ἀπολαύσεως.

333 2198 399 2244 43
453 2199 781 2263 Φιλαργυρεῖν
827 2197 973 2248 ἄδικα
1021 2197 1109 2263 μὲν
1156 2197 1351 2264 ἀσεβές,
1405 2200 1569 2247 δίκαια
1619 2195 1671 2247 ὸὲ
1718 2196 1940 2261 αἰσχρά-ν’

258 2274 466 2343 ἀπρεπὲς
496 2275 588 2342 γὰρ
621 2278 852 2344 ῥυπαρῶς
887 2280 1149 2342 φείδεσθαι
1181 2278 1264 2329 καὶ
1299 2278 1415 2343 μετὰ
1446 2286 1534 2328 τοῦ
1566 2278 1777 2328 δικαίου.

331 2359 401 2405 44
426 2353 482 2405 Ὁ
514 2358 669 2420 σοφὸς
700 2360 769 2418 εἰς
802 2360 857 2408 τὰ
888 2359 1134 2427 ἀναγκαῖα
1165 2359 1502 2426 συγκλεισθεὶς
1534 2362 1717 2423 μᾶλλον
1749 2357 1942 2407 ἐπίστα-

331 2507 351 2541 1
383 2496 474 2542 κᾶν
507 2499 656 2557 (Διὶ)
694 2502 859 2547 Hartel
890 2516 945 2547 ex
973 2505 1032 2557 fr.
1061 2506 1172 2547 602.
1206 2502 1286 2546 καὶ
1320 2502 1420 2546 Vat.
1455 2502 1659 2546 Darmst.
1726 2509 1744 2542 ⁷
1780 2501 1943 2545 Herm-

259 2558 393 2602 archo
423 2547 546 2601 vinci.
581 2559 669 2614 Us„
705 2561 786 2605 Go.
815 2563 872 2615 cf.
899 2562 1082 2606 Philod
1117 2563 1189 2606 De
1215 2563 1323 2616 piet.
1350 2575 1399 2617 p.
1427 2564 1512 2603 101
1542 2559 1596 2604 G.
1690 2569 1730 2603 ιι
1764 2558 1926 2616 μικρὸς

260 2616 443 2671 οἰκτρὸς
477 2616 549 2661 Us.
611 2626 656 2660 14
689 2619 956 2664 συνάπτωνε
989 2622 1084 2665 scil.
1117 2626 1172 2676 τῇ
1205 2618 1339 2680 φιλίᾳ
1370 2618 1454 2675 τὴν
1484 2615 1646 2676 χρείαν
1706 2627 1754 2661 20
1785 2618 1924 2675 γελᾶν

261 2674 401 2731 γέλων
441 2675 514 2720 Πε.
554 2679 799 2723 sententiae
836 2681 1064 2735 superiori
1094 2664 1377 2751 adiunyens,
1415 2680 1606 2734 μελετᾶν
1641 2678 1795 2722 Omen.
1831 2677 1839 2732 Ι
1874 2677 1949 2720 δεῖ

263 2733 328 2778 Le
412 2735 555 2779 δεῖν
589 2735 704 2789 Vae„
745 2737 818 2782 Ue.
851 2741 924 2794 (=
950 2737 1077 2793 δέον)
1198 2744 1242 2779 81
1274 2736 1431 2794 λήγειν
1466 2737 1561 2781 U8.:
1602 2735 1751 2792 λέγειν
1785 2735 1884 2779 Vat.

261 2801 309 2835 2¹
369 2795 489 2848 ρθῆς
529 2793 712 2839 Hartel:
762 2795 901 2853 ὀργῆς
941 2797 1042 2840 Vat.
1165 2804 1213 2838 24
1245 2795 1510 2865 ἀπολύσεως
1550 2795 1674 2848 Vat„
1721 2807 1836 2839 corr.
1870 2793 1943 2838 ίῙε

261 2859 311 2893 80
341 2850 509 2907 φείὸε.
535 2854 650 2896 ,καὶ
677 2854 775 2898 Vat.
838 2863 883 2897 8⁷
919 2855 1239 2909 συγκλεισθεὶς
1267 2855 1372 2898 scri.
1405 2867 1504 2897 cum
1534 2853 1640 2898 Ga:
1675 2853 1947 2908 συγκριθεὶς

275 2910 370 2954 Vat.
404 2911 655 2965 συγκαθεὶς
696 2913 766 2956 Us.
796 2915 803 2966 ζ
831 2910 1108 2966 παρίσταται
1146 2913 1261 2965 ῘῙαί.,
1293 2925 1406 2957 corr.
1441 2911 1511 2956 Us.
