2032 3128
195 119 266 169 68
610 115 1064 160 GNOMOLOGIUM
1099 114 1362 161 VATIOAN
1369 114 1457 158 ΠΜ

272 257 338 303 69
387 256 450 304 Τὸ
492 263 575 319 τῆς
613 262 778 319 ψυχῆς
817 252 1076 320 ἀχάριστον
1116 254 1281 319 λίχνον
1321 253 1517 318 ἐποίησε
1557 254 1611 304 τὸ
1651 255 1776 322 ζῷον
1812 256 1880 314 εἰς

195 336 398 401 ἄπειρον
430 344 526 385 τῶν
558 334 612 384 ἐν
651 335 814 403 διαίτῃ
844 335 1188 399 ποικιλμάτων.

273 420 341 466 70
373 414 557 480 Μηδέν
596 431 672 465 σοι
711 414 765 465 ἐν
803 416 896 486 βίῳ
935 416 1183 482 πραχθείη
1216 413 1241 464 ὃ
1276 418 1439 481 φόβον
1469 414 1665 483 παρέξει
1697 430 1801 481 σοι,
1838 420 1884 467 εἰ

195 498 532 564 γνωσθήσεται
563 502 629 567 τῷ
657 498 880 561 πλησίον.

152 594 171 627 5
274 583 335 628 71
385 579 522 641 Πρὸς
562 579 720 638 πάσας
759 577 845 636 τὰς
878 577 1148 643 ἐπιθυμίας
1179 579 1480 645 προσακτέον
1512 581 1565 629 τὸ
1597 579 1882 645 ἐπερώτημα

196 669 358 711 τοῦτο·
405 662 452 709 τί
488 679 570 725 μοι
609 660 862 726 γενήσεται
901 657 964 708 ἂν
1003 663 1206 728 τελεσθῇ
1246 660 1299 710 τὸ
1331 659 1453 710 κατὰ
1483 660 1575 724 τὴν
1606 659 1882 724 ἐπιθυμίαν

194 742 593 807 ἐπιζητούμενον,
625 740 706 791 καὶ
738 742 787 790 τί
814 740 901 791 ἐὰν
933 740 1000 805 μὴ
1037 745 1266 811 τελεσθῇ;

274 826 339 871 72
393 820 554 872 Οὐδὲν
609 820 787 885 ὄφελος
840 816 905 887 ἧν
959 821 1049 886 τὴν
1103 819 1209 872 κατ’
1252 821 1556 890 ἀνθρώπους
1608 822 1880 886 ἀσφάλειαν

197 905 650 972 παρασκευάζεσθαι
703 911 799 953 τῶν
853 900 1053 954 ἄνωθεν
1099 903 1372 970 ὑπό<πτων
1419 902 1610 968 ὄ>ντων
1656 903 1738 953 καὶ
1783 913 1881 954 τῶν

134 1001 175 1029 10
201 986 426 1036 ὑποκάτω
458 985 540 1035 καὶ
572 984 735 1045 ἁπλῶς
766 992 865 1034 τῶν
896 984 949 1035 ἐν
981 990 1045 1054 τῷ
1070 977 1266 1055 ἀπείρῳ.

274 1069 338 1116 73
373 1066 471 1116 Καὶ
510 1067 563 1117 τὸ
594 1065 827 1134 γενέσθαι
857 1065 996 1126 τινὰς
1029 1066 1307 1133 ἀλγηδόνας
1337 1067 1447 1131 περὶ
1475 1075 1613 1130 σῶμα
1651 1072 1886 1117 λυσιτελεῖ

196 1148 318 1213 πρὸς
348 1148 580 1212 φυλακὴν
611 1156 708 1198 τῶν
742 1146 996 1212 ὁμοειδῶν.

275 1232 340 1279 74
385 1224 470 1278 Ἐν
518 1229 761 1299 φιλολόγῳ
809 1230 1065 1293 συζητήσει
1111 1234 1280 1280 πλεῖον
1327 1228 1511 1293 ἤνυσεν
1560 1230 1586 1279 ὁ
1631 1228 1884 1294 ἡττηθείς,

197 1306 315 1361 καθ’
344 1308 370 1360 ὃ
403 1310 731 1377 προσέμαθεν.

136 1404 176 1434 Π»
278 1396 344 1442 75
381 1393 476 1452 Εἰς
508 1392 566 1442 τὰ
597 1394 919 1463 παρῳχηκότα
952 1393 1119 1459 ἀγαθὰ
1151 1392 1407 1460 ἀχάριστος
1432 1393 1581 1457 φωνὴ
1605 1391 1637 1456 ἡ
1663 1392 1871 1458 λέγουσα

202 1472 342 1535 Τέλος
374 1474 465 1540 ὅρα
497 1483 688 1541 μακροῦ
718 1475 847 1539 βίου.

273 1558 338 1604 76
396 1559 629 1616 Τοιοῦτος
690 1550 736 1605 εἶ
785 1558 1048 1622 γηράσκων
1103 1555 1278 1606 ὁποῖον
1338 1555 1432 1622 ἐγὼ
1487 1564 1738 1621 παραινῶ,
1799 1555 1880 1604 καὶ

196 1635 462 1703 διέγνωκας
502 1635 676 1687 ὁποῖόν
713 1636 811 1686 ἐστι
842 1636 894 1687 τὸ
928 1636 1084 1706 ἑαυτῷ
1115 1641 1453 1701 φιλοσοφῆσαι
1483 1635 1565 1686 καὶ
1597 1631 1705 1686 οἷον
1738 1636 1790 1686 τὸ
1822 1644 1879 1703 τῇ

187 1715 404 1767 Ἑλλάδι·
437 1720 679 1785 συγχαίρω
713 1733 801 1768 σοι.

130 1808 171 1839 ²0
274 1802 338 1847 77
379 1803 475 1864 Τῆς
514 1799 801 1865 αὐταρκείας
831 1801 1017 1867 καρπὸς
1049 1800 1271 1867 μέγιστος
1301 1799 1570 1864 ἐλευθερία.

272 1882 337 1928 78
372 1877 426 1929 ‘O
465 1886 687 1946 γενναῖος
725 1880 834 1946 περὶ
875 1882 1059 1945 σοφίαν
1089 1880 1171 1931 καὶ
1204 1882 1374 1943 φιλίαν
1406 1881 1608 1945 μάλιστα
1640 1882 1870 1946 γίγνεται·

195 1956 265 2009 ὧν
295 1960 347 2010 τὸ
381 1961 468 2024 μέν
501 1961 597 2011 ἐστι
629 1962 820 2026 θνητὸν
852 1960 1066 2028 ἀγαθόν,
1097 1962 1150 2013 τὸ
1184 1963 1236 2011 δὲ
1267 1960 1536 2011 ἀθάνατον.

274 2045 337 2090 79
366 2039 419 2091 ‘O
450 2041 689 2108 ἀτάραχος
721 2043 877 2114 ἑαυτῷ
904 2043 987 2093 καὶ
1018 2042 1160 2113 ἑτέρῳ
1193 2043 1438 2109 ἀόχλητος.

270 2125 338 2172 80
370 2125 588 2193 Γενναίῳ
614 2125 853 2191 σωτηρίας
878 2130 1024 2189 μοῖρα
1042 2132 1130 2190 τῆς
1148 2122 1343 2189 ἡλικίας
1358 2125 1560 2191 τήρησις
1578 2124 1662 2173 καὶ
1678 2123 1876 2188 φυλακὴ

129 2211 167 2242 ²⁶
195 2212 290 2251 τῶν
328 2204 486 2252 πάντα
525 2205 840 2268 μολυνόντων
879 2206 1002 2255 κατὰ
1040 2204 1125 2265 τὰς
1162 2205 1434 2270 ἐπιθυμίας
1465 2205 1550 2265 τὰς
1582 2204 1876 2270 οἰστρώδεις.

266 2386 284 2418 1
317 2374 474 2433 λίχνον
521 2390 576 2420 ex
622 2376 782 2434 λέχνον
827 2391 941 2424 corr.
983 2379 1084 2424 Vnt.
1205 2387 1228 2420 8
1261 2379 1311 2423 ἐν
1350 2378 1477 2436 (τῷ)
1516 2375 1635 2436 βίῳῖ
1683 2376 1755 2421 Us.

193 2443 215 2477 8
243 2456 295 2471 =·=
321 2434 442 2480 Sem.
477 2435 613 2479 XIII
654 2440 660 2491 Ι
702 2437 987 2491 ἀνθρώπους
1017 2438 1079 2482 D.
1113 2437 1293 2482 Luem:
1339 2436 1600 2491 ἀνθρώπου
1634 2436 1732 2492 (εἰσ)
1774 2436 1876 2479 Vat.

309 2501 334 2536 9
372 2493 800 2547 κατασκευάζεσθαι
846 2495 909 2539 D.
954 2497 1110 2541 Laert.
1155 2498 1161 2552 Ι
1204 2495 1419 2541 ὑπόντων
1465 2495 1592 2548 Vat.‚
1641 2508 1754 2539 corr.
1802 2495 1875 2540 Ue.

198 2550 414 2596 ὑπόπτων
444 2554 736 2599 κατεστώτων
768 2554 830 2597 D.
862 2555 1019 2600 Laert.
1083 2564 1126 2598 11
1158 2553 1382 2612 γενέσθαί
1411 2555 1477 2598 sic
1509 2554 1610 2597 Vat.
1673 2561 1718 2596 1ss
1748 2550 1878 2602 τέλος

195 2613 305 2654 nvi-,z
341 2611 477 2656 Solon
502 2613 630 2667 apud
654 2613 719 2656 Io.
746 2613 864 2658 Stob.
893 2616 956 2658 ΙΙ
981 2618 1025 2668 7,
1049 2618 1109 2658 18
1137 2629 1183 2671 p.
1211 2617 1299 2659 133
1325 2614 1393 2658 W.
1426 2612 1572 2658 Schol.
1597 2614 1650 2656 in
1675 2613 1873 2656 Luciam.

191 2684 235 2723 p.
262 2674 305 2723 5,
330 2674 383 2714 11
418 2670 508 2713 Ra.
541 2676 617 2715 etc.
720 2680 762 2714 1⁷
799 2668 963 2730 (Ότι)
995 2681 1203 2723 τοιοῦτος
1236 2673 1308 2718 Us.
1338 2675 1344 2726 Ι
1371 2672 1453 2715 καὶ
1485 2670 1542 2727 δὴ
1576 2670 1782 2728 ἔγνωκας
1811 2672 1877 2714 sic

206 2729 317 2780 Vnt„
349 2742 460 2773 corr.
497 2729 567 2774 Us.
658 2738 703 2773 18
733 2729 791 2784 cf.
827 2731 1021 2776 Metrod.
1053 2733 1115 2787 fr.
1140 2736 1197 2776 41
1223 2732 1278 2776 K
1299 2733 1306 2787 Ι
1334 2728 1436 2775 οἷον
1467 2729 1519 2775 τὸ
1550 2730 1740 2774 Har-tel:
1772 2726 1875 2773 οῖον

195 2794 254 2830 τῶ
293 2788 358 2831 sic
391 2788 489 2833 Vat.
632 2798 680 2832 22
710 2790 889 2846 θνητὸν
921 2790 1108 2835 Hartel:
1148 2787 1319 2846 νοητὸν
1352 2790 1451 2835 Vat.
1596 2797 1645 2832 24
1677 2784 1875 2846 γενναίῳ

194 2844 427 2958 (χὲτέισίᾳῖἳ)
457 2849 580 2890 scri:
614 2847 650 2890 f
676 2847 790 2891 .:.'m
825 2848 921 2892 Vnt.
959 2850 1134 2904 (prima
1174 2850 1325 2894 littera
1360 2854 1444 2892 aut
1478 2851 1518 2891 Γ
1552 2853 1635 2892 aut
1667 2849 1705 2890 P
1732 2847 1876 2900 fuisse

193 2919 236 2946 υι
311 2918 370 2948 m·
