2032 3128
259 145 330 198 42
793 141 1034 187 EPICURI
1064 141 1355 187 EPISTULA
1386 141 1428 185 11
1698 145 1934 186 113—115

258 286 315 335 τὰ
354 283 406 335 δὲ
443 283 563 334 κατὰ
601 282 691 346 τὴν
729 281 830 346 ἅμα
867 278 993 330 τισὶν
1031 279 1334 346 ἀνωμαλίαις
1363 277 1643 346 χρωμένην·
1691 277 1932 345 ἐνδέχεται

260 365 312 417 δὲ
353 365 434 415 καὶ
471 359 590 415 καθ’
626 363 713 423 οὓς
752 362 934 421 τόπους
972 360 1170 427 φέρεται
1207 356 1268 411 οὗ
1309 360 1397 426 μὲν
1435 359 1750 427 παρεκτάσεις
1788 359 1932 427 ἀέρος

260 443 385 497 εἶναι
425 445 618 511 ὃμαλεῖς
655 443 735 495 ἐπὶ
770 443 822 493 τὸ
853 443 972 494 αὐτὸ
1006 443 1334 502 συνωθούσας
1363 442 1485 493 κατὰ
1515 441 1568 492 τὸ
1600 440 1713 507 ἑξῆς
1745 439 1939 506 ὁμαλῶς
1998 470 2005 484 ι

257 547 304 578 τε
334 527 616 590 ἐκκαούσας,
649 520 708 576 οὗ
740 522 793 574 δὲ
824 522 1095 589 ἀνωμαλεῖς
1127 524 1285 583 οὕτως
1315 523 1434 575 ὥστε
1465 523 1550 585 τὰς
1579 520 1932 591 θεωρουμένας

212 633 232 663 5
257 607 566 673 παραλλαγὰς
605 609 958 656 συντελεῖσθαι.
1011 605 1064 655 τὸ
1104 603 1157 655 δὲ
1195 606 1315 670 μίαν
1349 606 1511 655 αἰτίαν
1540 605 1727 656 τούτων
1758 602 1930 655 ἀποδι-

256 689 413 751 δόναι,
443 691 718 753 πλεοναχῶς
741 695 839 736 τῶν
863 685 1182 751 φαινομένων
1205 685 1595 752 ἐκκαλουμένων,
1619 684 1828 752 μανικὸν
1850 685 1933 736 καὶ

254 769 313 819 οὐ
356 769 678 834 καθηκόντως
719 768 1052 834 πραττόμενον
1097 766 1192 817 ὑπὸ
1235 775 1334 817 τῶν
1375 767 1467 831 τὴν
1511 769 1720 832 ματαίαν
1759 766 1932 833 ἀστρο-

252 852 420 917 λογίαν
458 849 767 915 ἐζηλωκότων
806 848 888 900 καὶ
926 849 996 909 εἰς
1033 848 1086 899 τὸ
1117 848 1263 899 κενὸν
1294 848 1453 908 αἰτίας
1482 855 1632 898 τινῶν
1663 847 1930 899 ἀποδιδόν-

252 953 371 998 των,
411 932 528 982 ὅταν
565 931 656 996 τὴν
694 932 841 982 θείαν
879 932 1032 994 φύσιν
1072 935 1283 999 μηθαμῇ
1320 934 1631 996 λειτουργιῶν
1661 929 1927 981 ἀπολύωσι.

136 1009 226 1057 114
328 1012 450 1063 Τινὰ
481 1012 631 1077 ἄστρα
664 1012 1023 1077 ὑπολειπόμενά
1053 1031 1203 1062 τινων
1232 1016 1535 1078 θεωρεῖσθαι
1562 1013 1823 1078 συμβαίνει
1846 1011 1931 1062 καὶ

191 1111 228 1142 ιι
255 1095 387 1162 παρὰ
417 1095 470 1147 τὸ
503 1095 803 1162 βραδύτερον
834 1093 1289 1160 συμπεριφέρεσθαι
1311 1092 1398 1142 τὸν
1421 1092 1574 1143 αὐτὸν
1596 1094 1778 1143 κύκλον
1801 1110 1937 1157 περι·-

254 1176 395 1240 όντα,
434 1175 516 1226 καὶ
553 1176 685 1241 παρὰ
716 1175 768 1224 τὸ
801 1174 892 1239 τὴν
921 1174 1151 1225 ἐναντίαν
1181 1179 1430 1225 κινεῖσθαι
1460 1173 1804 1239 ἀντισπώμενα
1834 1173 1934 1224 ὑπὸ

254 1266 341 1322 τῆς
386 1257 538 1322 αὐτῆς
585 1259 750 1322 δίνης,
803 1252 889 1305 καὶ
935 1257 1069 1324 παρὰ
1113 1257 1167 1308 τὸ
1214 1254 1567 1322 περιφέρεσθαι
1613 1255 1672 1305 τὰ
1717 1253 1806 1320 μὲν
1852 1255 1935 1304 διὰ

259 1338 481 1398 πλείονος
510 1337 688 1403 τόπου,
731 1337 788 1387 τὰ
820 1337 872 1389 δὲ
904 1333 971 1387 δι’
999 1337 1279 1400 ἐλάττονος,
1317 1337 1408 1402 τὴν
1438 1336 1597 1401 αὐτὴν
1630 1330 1776 1386 δῖναν
1806 1354 1937 1403 περι·

188 1434 229 1467 15
253 1423 538 1469 κυκλοῦντα.
578 1418 631 1469 τὸ
664 1417 716 1469 δὲ
747 1418 913 1479 ἁπλῶς
943 1418 1314 1484 ἀποφαίνεσθαι
1346 1417 1456 1485 περὶ
1487 1418 1675 1469 τούτων
1699 1417 1930 1484 καθῆκόν

254 1500 352 1551 ἔστι
382 1505 482 1560 τοῖς
512 1502 858 1564 τερατεύεσθαί
883 1521 929 1551 τι
959 1501 1083 1568 πρὸς
1114 1500 1231 1560 τοὺς
1260 1500 1472 1560 πολλοὺς
1503 1499 1837 1566 βουλομένοις.

142 1589 238 1627 ι’·64
331 1582 397 1631 Oi
422 1582 671 1649 λεγόμενοι
701 1581 893 1649 ἀστέρες
924 1582 1170 1633 ἐκπίπτειν
1203 1584 1317 1640 (καὶ)
1347 1581 1480 1649 παρὰ
1504 1579 1647 1647 μέρος
1671 1583 1770 1640 (καὶ
1800 1581 1930 1638 παρὰ

251 1667 651 1723 τρῖψινῒὲαυτῶν)
683 1665 919 1715 δύνανται
955 1668 1293 1715 συντελεῖσθαι
1322 1666 1419 1723 (καὶ
1450 1663 1578 1721 παρὰ
1612 1665 1838 1710 ἔκπτωσιν
1869 1660 1926 1710 οὗ

254 1745 314 1792 ἂν
344 1748 372 1805 ἡ
404 1747 774 1803 ἐκπνευμάτωσις
797 1747 1027 1809 γένηται),
1059 1748 1285 1815 καθάπερ
1317 1746 1399 1797 καὶ
1430 1744 1508 1797 ἐπὶ
1540 1753 1637 1795 τῶν
1666 1743 1931 1811 ἀστραπῶν

143 1829 235 1874 115
261 1826 502 1893 ἐλέγομεν·
533 1826 615 1875 καὶ
645 1827 767 1877 κατὰ
798 1829 1012 1878 σύνοδον
1044 1826 1096 1878 δὲ
1127 1827 1324 1892 ἀτόμων
1355 1826 1512 1894 πυρὸς
1541 1826 1941 1891 ἀποτελεστικῶν,

187 1926 229 1959 21
254 1908 534 1971 συμφυλίας
563 1907 829 1973 γενομένης
860 1909 929 1968 εἰς
960 1909 1013 1960 τὸ
1045 1917 1187 1959 τοῦτο
1219 1908 1426 1972 τελέσαι,
1463 1907 1546 1957 καὶ
1577 1907 1698 1957 κατὰ
1730 1909 1928 1973 κίνησιν

254 1982 313 2037 οὗ
344 1986 406 2037 ἂν
437 1985 468 2052 ἡ
502 1987 627 2055 ὁρμὴ
661 1989 707 2050 ἕξ
739 1988 891 2058 ἀρχῆς
921 1989 1042 2040 κατὰ
1073 1991 1164 2056 τὴν
1195 1990 1410 2040 σύνοδον
1441 1988 1660 2056 γένηται·
1692 1988 1775 2039 καὶ
1809 1989 1931 2040 κατὰ

252 2069 543 2132 πνευμάτων
575 2069 626 2119 δὲ
658 2071 901 2137 συλλογὴν
932 2071 985 2122 έν
1013 2072 1309 2135 πυκνώμασί
1329 2087 1455 2121 τισιν
1481 2068 1580 2138 [έν]
1608 2068 1925 2138 ὁμιχλοειδέσι

327 2198 347 2231 1
378 2189 496 2234 κατὰ
533 2190 618 2246 τὴν
657 2190 752 2248 ἅμα
789 2192 911 2236 τισὶν
941 2195 1004 2237 52:
1052 2189 1156 2236 κατ’
1185 2191 1333 2248 αὐτὴν
1374 2191 1470 2249 ἅμα
1500 2193 1620 2236 τισὶν
1655 2192 1766 2236 Mei.
1813 2189 1934 2234 κατά

253 2264 358 2292 τινα
397 2247 579 2306 δίνησιν
621 2250 692 2295 Us.
814 2259 836 2294 Β
867 2252 951 2308 μὲν
982 2265 1053 2296 om
1099 2251 1264 2294 rP⁸zr
1388 2259 1411 2294 8
1444 2250 1621 2308 ὁμαλὰς
1650 2250 1818 2293 rP⁸zf

252 2315 277 2349 ο
309 2309 566 2366 πλεοναχὰς
596 2310 741 2366 Byw..
773 2311 851 2355 sed
880 2310 937 2365 cf.
970 2325 1014 2366 p.
1040 2313 1115 2365 32,
1140 2314 1196 2356 11
1206 2328 1223 2366 ;
1261 2314 1334 2365 35,
1363 2314 1420 2356 12
1506 2319 1530 2354 8
1561 2311 1716 2366 τινῶν]
1752 2308 1932 2361 ἄστρων

266 2366 338 2410 Us.
422 2374 447 2409 9
480 2367 607 2424 ὅταν]
641 2367 765 2419 ὅπως
795 2366 855 2412 ἂν
887 2369 1110 2428 Lortziny
1136 2374 1143 2426 Ι
1170 2371 1358 2426 μηδαμῆ
1391 2374 1438 2425 (α
1470 2383 1525 2414 ex
1557 2383 1670 2414 corr.
1702 2372 1752 2423 F)
1773 2367 1939 2412 rr⁸zf

258 2422 372 2480 (-μὴ)
490 2434 533 2469 11
563 2425 803 2481 περιιόντα
833 2433 854 2470 f
970 2436 1016 2471 18
1046 2436 1128 2485 τῆς
1159 2431 1302 2486 αὐτῆς
1331 2430 1427 2474 scil.
1459 2435 1557 2479 τοῖς
1587 2427 1742 2477 ἄλλοις
1772 2429 1841 2472 vel
1869 2430 1932 2485 τῷ

256 2483 441 2542 οὐρανῷ
471 2486 564 2529 nisi
593 2486 739 2530 mavis
769 2487 911 2543 αὐτῆς
940 2494 1021 2544 τῆς
1093 2496 1137 2530 14
1171 2489 1309 2532 δῖναν
1342 2492 1394 2531 00
1428 2485 1567 2531 δίναν
1599 2491 1631 2529 1’
1663 2485 1812 2544 δ[ί]να
1841 2499 1933 2530 ras.

256 2542 324 2584 m²
354 2545 387 2584 B
427 2541 563 2599 δίνην
594 2548 695 2587 rzr
839 2554 881 2588 ιτ
914 2547 966 2589 in
1004 2547 1064 2590 iis
1103 2561 1218 2603 quae
1255 2552 1508 2603 sequuntur
1536 2547 1771 2602 scriptoris
1801 2545 1935 2590 verba

252 2602 428 2655 pannis
465 2602 737 2659 quibusdam
775 2618 797 2648 e
834 2605 930 2648 loco
963 2605 1017 2649 de
1047 2604 1314 2662 fulquribus
1345 2609 1407 2663 (p.
1435 2608 1514 2659 35,
1540 2608 1723 2661 13sqq.)
1764 2605 1934 2649 assutis

251 2660 442 2715 pessime
470 2668 683 2717 corrupta
712 2667 821 2706 sunt
847 2666 854 2714 Ι
889 2664 968 2706 καὶ
1000 2663 1131 2719 παρὰ
1159 2662 1344 2723 τρίψιν]
1376 2663 1496 2708 κατὰ
1527 2663 1819 2718 παράτριψιν
1857 2662 1932 2707 Us.

332 2726 378 2760 18
409 2717 602 2778 ἑαυτῶν]
635 2727 790 2776 νεφῶν
831 2722 903 2766 Us.
931 2724 939 2777 1
967 2721 1166 2766 δύναται
1196 2724 1356 2767 Br¹co
1385 2725 1392 2780 Ι
1419 2724 1498 2766 καὶ
1529 2720 1677 2777 πυρὸς
1708 2722 1933 2767 ἔκπτωσιν

267 2774 359 2849 Ua!
453 2787 499 2820 1⁹
530 2777 703 2834 γίνεται
735 2783 836 2825 sz
938 2788 987 2823 80
1015 2795 1062 2837 p.
1088 2784 1164 2836 35,
1190 2785 1246 2826 13
1257 2795 1348 2839 sqq.
1455 2791 1502 2825 21
1533 2784 1704 2838 ‹svp-(ex
1734 2795 1840 2826 συν·
1863 2779 1937 2835 3²)

259 2836 418 2889 φιλιας
448 2839 590 2880 Brzr
613 2841 621 2894 1
647 2837 766 2881 κατὰ
797 2838 881 2885 del.
916 2840 987 2885 Us.
1018 2841 1077 2895 cf.
1102 2854 1151 2897 p.
1185 2844 1260 2895 36,
1285 2845 1314 2886 3
1449 2850 1498 2884 22
1529 2856 1594 2885 an
1625 2838 1699 2886 ol?
1740 2839 1812 2885 Us.
1848 2840 1856 2895 Ι
1891 2837 1939 2891 ἐξ

259 2892 404 2950 ἀρχῆς
433 2902 540 2950 post
577 2897 777 2941 σύνοδον
814 2898 916 2942 hab.
948 2901 1053 2942 1¹21
1200 2907 1250 2942 28
1279 2900 1543 2957 πνεύματος
1574 2901 1637 2943 ,Ωιτ
1669 2899 1846 2944 correxi
1875 2899 1935 2953 cf.

254 2964 303 3005 p.
329 2954 402 3007 36,
426 2956 488 2998 18
515 2958 521 3009 Ι
549 2955 599 2998 έν
630 2969 712 2999 om.
745 2959 803 2997 21
