2032 3128
271 91 342 143 20
805 89 1042 134 EPICURI
1074 90 1367 135 EPISTULA
1398 93 1415 134 I
1781 98 1963 140 68-71-

180 233 244 277 69
273 258 341 264 —
374 230 435 280 οὐ
473 229 566 296 γὰρ
607 229 820 279 δυνατὸν
857 229 1115 294 ἐπινοῆσαι
1152 236 1296 279 τοῦτο
1330 257 1399 265 ——
1440 228 1551 280 οὔτε
1591 231 1715 291 ὅλως
1759 230 1826 292 ὥς
1865 233 1962 283 οὐκ

267 312 415 375 εἰσίν,
463 305 581 360 οὔθ’
619 308 685 368 ὡς
727 306 848 376 ἕτερ’
881 309 998 360 ἅττα
1044 311 1454 377 προσυπάρχοντα
1502 312 1657 383 τούτῳ
1707 312 1960 379 ἀσώματα,

268 387 387 442 οὔθ’
419 390 484 451 ὡς
528 391 673 457 μόρια
715 391 915 458 τούτου,
958 388 1062 442 ἀλλ’
1091 390 1158 452 ὡς
1201 391 1253 442 τὸ
1298 391 1414 441 ὅλον
1456 400 1594 457 σῶμα
1637 395 1859 445 καθόλου
1902 393 1959 445 ἐκ

267 475 452 524 τούτων
490 473 691 522 πάντων
730 473 820 538 τὴν
861 473 1039 524 ἑαυτοῦ
1079 474 1237 538 φύσιν
1269 473 1379 539 ἕχον
1410 472 1601 539 ἀίδιον,
1642 475 1730 541 οὐχ
1762 471 1870 526 οἶον
1902 474 1962 525 δὲ’
1997 473 1999 476 ’

221 576 240 606 ⁵
266 550 392 604 εἶναι
430 554 880 621 συμπεφορημένον
912 583 984 589 —
1017 554 1178 615 ὥσπερ
1219 555 1336 605 ὅταν
1373 554 1422 616 ἐξ
1463 555 1624 605 αὐτῶν
1664 565 1762 606 τῶν
1795 555 1964 623 ὄγκων

267 639 431 699 μεῖζον
474 632 723 700 ἄθροισμα
767 645 920 705 συστῇ
965 634 1074 700 ἤτοι
1115 644 1213 686 τῶν
1253 636 1460 703 πρώτων
1498 635 1530 702 ἢ
1570 646 1669 687 τῶν
1708 646 1795 689 τοῦ
1836 637 1960 688 ὅλου

265 721 490 783 μεγεθῶν
520 717 663 766 τοῦδε
694 717 825 777 τινὸς
856 716 1126 768 ἐλαττόνων
1153 746 1241 782 -,
1273 716 1392 767 ἀλλὰ
1425 718 1596 782 μόνον,
1631 717 1698 779 ὡς
1728 719 1868 786 λέγω,
1900 719 1955 770 ἐκ

264 799 451 849 τούτων
483 795 713 847 ἁπάντων
745 797 836 862 τὴν
867 797 1046 848 ἑαυτοῦ
1078 798 1234 861 φύσιν
1264 797 1376 864 ἔχον
1403 797 1582 848 ἀίδιον.
1613 799 1699 849 καὶ
1721 799 1957 866 ἐπιβολὰς

264 878 353 945 μὲν
385 879 555 944 ἔχοντα
587 880 716 939 ἰδίας
747 880 908 930 πάντα
938 880 1088 929 ταῦτά
1118 879 1217 930 ἐστι
1246 879 1330 930 καὶ
1367 881 1655 946 διαλήψεις,
1697 897 1953 948 συμπαρα-

197 983 239 1014 ιο
262 964 629 1020 κολουθοῦντος
653 959 705 1011 δὲ
729 969 817 1011 τοῦ
841 959 1036 1027 ἀθρόου
1059 961 1141 1011 καὶ
1166 961 1372 1032 οὐθαμῇ
1396 961 1799 1029 ἀποσχιζομένου,
1830 962 1958 1013 ἀλλὰ

261 1041 383 1091 κατὰ
414 1041 504 1107 τὴν
535 1041 730 1110 ἀθρόαν
762 1041 961 1092 ἔννοιαν
990 1050 1077 1092 τοῦ
1109 1044 1332 1108 σώματος
1353 1045 1652 1111 κατηγορίαν
1676 1045 1952 1109 εἰληφότος.

177 1128 236 1171 70
335 1123 435 1172 Καὶ
460 1124 559 1189 μὴν
582 1124 666 1174 καὶ
688 1129 790 1183 τοῖς
814 1125 1004 1189 σώμασι
1027 1126 1291 1190 συμπίπτει
1313 1126 1546 1186 πολλάκις
1569 1125 1654 1176 καὶ
1681 1125 1773 1176 οὐκ
1787 1125 1955 1176 ἀίδιον
2028 1119 2031 1123 ’

260 1209 661 1272 παρακολουθεῖν
706 1200 843 1256 Ῡούτ’
871 1205 924 1255 έν
970 1211 1072 1265 τοῖς
1116 1205 1344 1272 ἀοράτοις
1389 1206 1472 1256 καὶ
1517 1204 1629 1257 οὔτε
1678 1205 1954 1272 ἀσώματαῗ,

262 1286 381 1336 ὥστε
420 1287 482 1351 δὴ
520 1286 643 1336 κατὰ
681 1287 772 1351 τὴν
810 1287 1042 1351 πλείστην
1081 1287 1247 1355 φορὰν
1284 1289 1439 1356 τούτῳ
1479 1293 1544 1357 τῷ
1587 1286 1791 1353 ὀνόματι
1828 1289 1949 1354 χρώ-

195 1389 237 1421 15
263 1386 400 1432 μενοι
441 1367 634 1435 φανερὰ
670 1375 910 1434 ποιοῦμεν
949 1368 1008 1418 τὰ
1047 1370 1378 1435 συμπτώματα
1417 1367 1526 1419 οὔτε
1566 1369 1658 1434 τὴν
1701 1377 1789 1420 τοῦ
1834 1368 1956 1420 ὅλου

261 1450 416 1512 φύσιν
455 1450 604 1516 ἔχειν,
644 1448 671 1500 ὃ
711 1451 1033 1515 συλλαβόντες
1069 1451 1193 1501 κατὰ
1226 1450 1278 1501 τὸ
1310 1449 1500 1517 ἀθρόον
1533 1458 1673 1515 σῶμα
1705 1466 1951 1518 προσαγο-

261 1532 492 1597 ρεύομεν,
531 1530 642 1582 οὔτε
680 1532 772 1597 τὴν
809 1540 907 1582 τῶν
945 1531 1111 1582 ἀίδιον
1139 1532 1689 1600 παρακολουθούντων,
1728 1526 1799 1582 ὧν
1829 1530 1953 1582 ἄνευ

261 1620 400 1678 σῶμα
432 1612 492 1663 ού
524 1613 738 1663 δυνατὸν
769 1619 1010 1664 νοεῖσθαι.
1055 1608 1163 1664 κατ’
1190 1613 1422 1679 ἐπιβολὰς
1454 1608 1500 1663 δ’
1528 1611 1592 1663 ἄν
1623 1633 1762 1673 τινας
1791 1632 1952 1681 παρα-

150 1671 629 1758 1’ἷῑῗκολουθοῦντος
667 1703 752 1745 τοῦ
794 1694 987 1762 ἀθρόου
1026 1694 1200 1745 ἕκαστα
1239 1697 1692 1763 προσαγορευθείη,
1739 1689 1842 1744 ἀλλ’
1871 1694 1948 1745 ὅτε

194 1797 237 1828 20
263 1775 440 1839 δήποτε
464 1774 640 1826 ἕκαστα
657 1777 993 1842 συμβαίνοντα
1008 1782 1288 1842 θεωρεῖται,
1314 1777 1405 1827 οὐκ
1420 1775 1583 1826 ἀίδιον
1600 1784 1700 1826 τῶν
1720 1791 1947 1842 συμπτω-

259 1856 425 1919 μάτων
462 1857 993 1922 παρακολουθούντων.
1041 1857 1122 1907 καὶ
1168 1858 1261 1908 οὐκ
1300 1856 1543 1919 ἐξελατέον
1584 1856 1637 1908 ἐκ
1675 1866 1764 1907 τοῦ
1807 1855 1950 1917 ὄντος

259 1938 443 2003 ταύτην
480 1938 571 2002 τὴν
609 1937 890 2006 ἐνάργειαν,
931 1938 1004 1989 ὅτι
1042 1939 1134 1989 οὐκ
1172 1940 1265 2006 ἔχει
1304 1939 1394 2004 τὴν
1433 1946 1521 1989 τοῦ
1562 1939 1679 1990 ὅλου
1721 1939 1875 2003 φύσιν
1908 1928 1949 2009 ᾧ

258 2021 517 2085 συμβαινει
558 2018 585 2070 ὃ
633 2020 695 2084 δὴ
742 2020 824 2070 καὶ
871 2028 1010 2085 σῶμα
1054 2021 1507 2088 προσαγορεύομεν,
1555 2019 1671 2071 οὐδὲ
1714 2021 1804 2085 τὴν
1845 2028 1948 2070 τῶν

330 2201 354 2235 2
386 2190 498 2237 οὔθ’
527 2193 588 2244 ὡς
631 2193 782 2238 Gass.:
827 2194 888 2244 ὡς
925 2190 1037 2238 οὔθ’
1066 2196 1110 2238 ,Ω
1152 2197 1159 2249 Ι
1201 2190 1318 2249 ἕτερ’
1353 2192 1468 2237 ἄττα
1510 2194 1604 2238 Us.:
1638 2191 1771 2247 ἕτερα
1807 2191 1864 2235 τὰ
1900 2195 1945 2235 ,Ω

257 2251 390 2306 ἕτερά
421 2268 526 2295 τινα
562 2253 672 2296 Mei.
735 2261 760 2296 3
791 2254 841 2297 ἐκ
872 2253 1099 2310 (Aldobr.)
1134 2253 1285 2298 Ga88.:
1320 2252 1402 2310 μὲν
1427 2255 1470 2296 ,Ω
1503 2253 1587 2309 μὲν
1618 2251 1741 2311 (dn)
1766 2252 1879 2296 Mei.

258 2322 280 2353 4
313 2308 413 2355 οἷον
454 2309 505 2354 δὲ
537 2311 690 2356 Schn.:
737 2309 839 2357 οἷον
870 2310 910 2355 τ’
948 2314 1013 2368 (τε
1045 2315 1095 2369 Β)
1127 2315 1170 2356 ,Ω
1290 2321 1313 2355 5
1345 2310 1517 2369 -μένων
1548 2312 1707 2354 BP¹co
1735 2314 1742 2367 Ι
1771 2310 1945 2368 ὄγκων]

258 2369 400 2414 οἴκων
432 2369 613 2413 1³¹1²¹co
689 2380 707 2412 '2
741 2371 973 2428 μεγεθῶν]
1006 2378 1158 2428 μερῶν
1188 2372 1323 2416 Schn.
1395 2379 1442 2414 10
1474 2371 1656 2426 οὐδαμῆ
1688 2369 1896 2425 FP³Z(f)
1933 2369 1940 2427 Ι

256 2427 596 2485 ἀποσχιζόμενα
626 2435 668 2474 et
696 2438 738 2472 11
772 2428 994 2486 εἰληφότα
1035 2430 1107 2474 Us.
1207 2438 1254 2473 18
1282 2431 1642 2484 παρακολουθεῖ
1669 2432 1702 2470 Β
1730 2431 1736 2481 Ι
1762 2429 1940 2472 hiatum

257 2490 432 2533 notavit
466 2488 537 2532 Us.
549 2505 566 2542 ;
596 2495 704 2533 sunt
733 2490 952 2545 reliquiae
983 2495 1163 2534 tantum
1194 2489 1478 2545 definitionis
1501 2488 1785 2532 Eventurum
1813 2488 1941 2531 simi-

259 2549 314 2592 lis
352 2547 612 2603 definitioni
652 2548 1009 2593 Coniunctorum
1039 2563 1090 2605 p.
1124 2552 1203 2602 19,
1234 2551 1392 2605 168qq.
1514 2555 1562 2591 10
1587 2547 1679 2604 ἔχει
1709 2547 1833 2589 Fz¹f
1866 2547 1873 2604 Ι
1913 2545 1939 2592 ὃ

256 2611 359 2648 sz
394 2604 448 2650 ὃν
479 2611 574 2649 Pco
623 2605 682 2662 ἣν
713 2609 765 2650 in
797 2609 968 2651 lacuna
999 2608 1057 2650 B'
1196 2616 1240 2650 1⁷
1273 2606 1440 2652 ἀϊδίων
1472 2610 1537 2661 Ω,
1585 2620 1698 2650 corr.
1735 2606 1846 2650 Mei.

256 2673 302 2706 19
332 2665 509 2709 hiatum
536 2671 643 2710 ante
666 2662 766 2709 ἀλλ’
788 2663 874 2725 ὅτῳ
898 2666 997 2724 (sie)
1020 2667 1177 2724 siqnif.
1206 2667 1279 2712 Us.
1293 2683 1311 2720 ;
1340 2666 1416 2710 sed
1440 2666 1535 2721 Ep.
1561 2665 1708 2710 dicere
1733 2665 1939 2709 videtur:

255 2725 500 2768 secundum
533 2726 839 2782 perceptiones
878 2728 945 2770 rei
983 2728 1222 2771 universae
1251 2726 1560 2780 subsequentis
1591 2730 1746 2770 eventa
1775 2737 1939 2768 nomen

255 2785 509 2839 accipiunt,
556 2785 634 2828 sed
680 2790 777 2829 tum
822 2799 923 2829 cum
967 2785 1153 2843 sinyula
1200 2790 1354 2830 eventa
1393 2785 1496 2840 ipsa
1535 2785 1709 2828 evenire
1746 2787 1942 2836 constat,

255 2843 367 2898 quia
398 2848 552 2887 eventa
575 2849 794 2899 perpetuo
824 2845 955 2888 rebus
985 2858 1080 2888 non
1111 2845 1347 2888 inhaerent
1446 2852 1495 2886 20
1527 2840 1694 2887 ἀιδίων
1727 2844 1788 2886 a:
1821 2855 1937 2886 corr.

259 2902 370 2945 Mei.
462 2909 509 2943 22
541 2898 575 2944 ὧ
607 2904 732 2945 12¹2!
765 2901 798 2945 ὣ
831 2907 863 2944 Β
897 2901 920 2946 ὃ
953 2902 1116 2945 Pcor²
