2032 3128
224 572 243 604 5

175 783 240 828 94

152 861 188 890 ι).
206 854 249 884 41

199 980 241 1011 10

195 1388 236 1421 15

166 1535 235 1579 95

189 1798 234 1830 80

271 91 342 142 32
781 89 1022 134 EPICURI
1054 89 1348 135 EPISTULA
1378 91 1420 135 11
1778 97 1954 138 93—95

268 227 301 293 ἢ
341 228 425 278 καὶ
466 227 515 288 ἐξ
559 226 710 295 ἀρχῆς
751 229 986 294 τοιαύτην
1029 228 1176 294 δίνην
1217 234 1572 296 κατειληθῆναι
1614 236 1718 291 τοῖς
1758 230 1955 300 ἄστροις

268 311 475 374 τούτοις,
506 306 633 359 ὥσθ’
662 305 772 360 οἷόν
802 305 895 359 τιν’
925 307 1059 359 ἕλικα
1081 314 1343 362 κινεῖσθαι.
1375 311 1536 362 πάντα
1558 313 1650 379 γὰρ
1673 312 1732 363 τὰ
1756 321 1954 364 τοιαῦτα

268 392 349 443 καὶ
387 392 445 442 τὰ
484 392 674 452 τούτοις
713 399 927 459 συγγενῆ
967 391 1143 442 οὐθενὶ
1180 400 1279 442 τῶν
1317 391 1666 460 ἐναργημάτων
1698 396 1954 459 διαφωνεῖ,

268 473 353 523 ἐάν
390 494 463 532 τις
503 472 578 523 ἀεὶ
616 472 695 524 ἐπὶ
734 480 833 522 τῶν
870 474 1107 524 τοιούτων
1147 482 1308 540 μερῶν
1347 473 1573 540 ἐχόμενος
1611 484 1699 526 τοῦ
1735 478 1952 528 δυνατοῦ
1996 469 1999 475 ’

267 555 337 614 εἰς
374 555 427 604 τὸ
467 556 741 619 σύμφωνον
778 558 881 615 τοῖς
920 553 1242 618 φαινομένοις
1280 554 1482 606 ἕκαστον
1517 557 1705 607 τούτων
1744 558 1952 622 δύνηται

267 635 553 701 ἐπανάγειν,
601 634 667 699 μὴ
716 636 1031 701 φοβούμενος
1072 635 1159 696 τὰς
1203 635 1603 703 ἀνδραποδώδεις
1644 638 1951 705 ἀστρολόγων

265 718 535 783 τεχνιτείας.

342 796 562 858 Κένωσίς
592 817 641 848 τε
672 799 880 862 σελήνης
912 798 996 848 καὶ
1026 800 1175 848 πάλιν
1207 800 1454 866 πλήρωσις
1477 799 1559 849 καὶ
1582 801 1703 850 κατὰ
1727 803 1949 868 στροφὴν

266 886 354 928 τοῦ
400 879 622 944 σώματος
666 880 844 929 τούτου
887 875 1080 930 δύναιτ’
1114 878 1176 930 ἂν
1215 882 1447 943 γίνεσθαι
1484 880 1568 931 καὶ
1605 882 1727 932 κατὰ
1766 897 1950 948 σχημα-

264 961 467 1026 τισμοὺς
495 959 639 1028 ἀέρος
671 960 867 1026 ὁμοίως,
899 961 967 1012 ἔτι
997 981 1046 1012 τε
1077 962 1160 1013 καὶ
1190 958 1296 1013 κατ’
1316 962 1699 1030 ἐπιπροσθήσεις
1721 963 1804 1014 καὶ
1827 963 1950 1015 κατὰ

263 1042 449 1102 πάντας
487 1042 724 1108 τρόπους,
762 1038 883 1091 καθ’
913 1041 1001 1103 οὓς
1039 1044 1123 1094 καὶ
1160 1044 1218 1093 τὰ
1255 1039 1372 1111 παρ’
1399 1042 1519 1109 ἡμῖν
1559 1045 1836 1109 φαινόμενα
1869 1045 1948 1096 ἐκ-

261 1127 472 1173 καλεῖται
503 1125 572 1183 εἰς
602 1123 689 1184 τὰς
719 1124 896 1174 τούτου
929 1132 1016 1174 τοῦ
1047 1125 1212 1185 εἴδους
1243 1124 1520 1187 ἀποδόσεις,
1551 1124 1639 1175 ἐὰν
1670 1125 1736 1190 μή
1770 1147 1839 1186 τις
1861 1126 1948 1176 τὸν

263 1214 451 1275 μοναχῇ
483 1205 666 1274 τρόπον
692 1205 1053 1272 κατηγαπηκὼς
1077 1206 1192 1267 τοὺς
1214 1204 1393 1266 ἅλλους
1416 1214 1569 1266 κενῶς
1592 1205 1947 1278 ἀποδοκιμάζῃ,

263 1286 323 1336 οὐ
353 1286 674 1354 τεθεωρηκὼς
704 1288 754 1337 τί
782 1287 996 1338 δυνατὸν
1028 1286 1281 1358 ἀνθρώπω
1312 1294 1566 1354 θεωρῆσαι
1589 1287 1672 1338 καὶ
1694 1289 1743 1338 τί
1763 1287 1947 1339 ἀδύνα-

261 1387 370 1433 τον,
408 1368 490 1418 καὶ
531 1368 613 1418 διὰ
651 1376 794 1419 τοῦτο
830 1368 1051 1418 ἀδύνατα
1080 1374 1291 1435 θεωρεῖν
1322 1369 1598 1434 ἐπιθυμῶν.
1648 1366 1760 1420 ”Eu
1791 1388 1839 1419 τε
1869 1370 1943 1421 ἒν-

262 1449 444 1516 δέχεται
459 1447 620 1516 <μὲν>
635 1449 726 1514 τὴν
750 1450 962 1516 σελήνην
985 1450 1034 1511 ἐξ
1058 1449 1234 1516 ἑαυτῆς
1254 1451 1383 1518 ἔχειν
1405 1450 1458 1501 τὸ
1484 1459 1610 1516 φῶς,
1630 1450 1870 1518 ἐνδέχεται
1893 1450 1946 1501 δὲ

261 1530 358 1582 ἀπὸ
374 1541 462 1582 τοῦ
480 1530 636 1597 ἡλίου.
668 1531 751 1582 καὶ
766 1532 859 1598 γὰρ
875 1527 991 1598 παρ’
1003 1530 1125 1598 ἡμῖν
1141 1538 1398 1600 θεωρεῖται
1413 1532 1568 1584 πολλὰ
1584 1531 1673 1599 μὲν
1690 1533 1739 1594 ἐξ
1757 1533 1945 1584 ἑαυτῶν

258 1613 445 1679 ἔχοντα,
476 1613 631 1663 πολλὰ
664 1611 716 1663 δὲ
749 1608 840 1678 ἀφ’
869 1613 1058 1680 ἑτέρων.
1097 1614 1180 1664 καὶ
1211 1613 1367 1665 οὐθὲν
1397 1615 1752 1680 ἐμποδοστατεῖ
1767 1623 1866 1664 τῶν
1890 1615 1943 1664 εἰν

257 1700 358 1755 τοῖς
398 1695 655 1761 μετεώροις
695 1695 1040 1760 φαινομένων,
1081 1695 1170 1746 ἐάν
1206 1715 1279 1756 τις
1315 1703 1404 1747 τοῦ
1442 1700 1714 1762 πλεοναχοῦ
1756 1696 1943 1763 τρόπον

257 1775 332 1826 ἀεὶ
371 1777 574 1842 μνήμην
613 1777 696 1846 ἔχῃ
736 1776 818 1826 καὶ
855 1776 941 1836 τὰς
978 1775 1293 1838 ἀκολούθους
1333 1778 1503 1838 αὐτοῖς
1541 1776 1807 1838 ὑποθέσεις
1837 1777 1940 1843 ἅμα

255 1856 337 1908 καὶ
375 1859 532 1919 αἰτίας
570 1863 835 1928 συνθεωρῇ
875 1857 957 1908 καὶ
996 1859 1064 1924 μὴ
1104 1858 1395 1925 ἀναβλέπων
1435 1859 1504 1919 εἰς
1534 1858 1591 1908 τὰ
1623 1858 1941 1910 ἀνακόλουθα

255 1934 390 1988 ταῦτ’
431 1937 578 2005 ὀγκοῖ
616 1942 831 2004 ματαίως
876 1939 959 1990 καὶ
1005 1939 1283 2009 καταρρέπῃ
1325 1939 1493 1990 ἄλλοτε
1536 1939 1692 2000 ἄλλως
1735 1939 1814 1990 ἐπὶ
1856 1940 1942 1990 τὸν

253 2066 474 2124 ἐχομένης
504 2068 672 2111 FP³zt
708 2067 944 2128 ἐχομένοις
974 2069 1135 2113 ΒΡῑῦο
1175 2067 1400 2127 ἐχομένως
1439 2070 1512 2115 Us.
1548 2072 1556 2126 Ι
1591 2067 1941 2127 ἐμπιπραμένης

254 2130 315 2169 zf
349 2125 530 2182 -μένοις
559 2131 717 2172 PcoF:
757 2142 841 2173 om.
874 2132 908 2171 B
942 2130 949 2184 Ι
984 2127 1036 2173 δὲ
1074 2127 1469 2185 καταλειπομένης
1498 2130 1623 2174 scri.:
1664 2128 1716 2173 δὲ
1754 2130 1939 2172 καταλι-

251 2185 431 2242 πούσης
461 2188 504 2229 Ω
536 2183 583 2230 δ’
611 2187 887 2244 ἐκλιπούσης
925 2187 999 2232 Us.

324 2253 345 2288 1
380 2248 717 2302 κατειληθῆναι
747 2261 832 2291 om,
865 2250 968 2289 sz
1036 2255 1059 2290 2
1090 2244 1182 2292 τιν’
1219 2247 1318 2291 Us.:
1350 2264 1399 2292 τε
1430 2250 1474 2290 Ω
1501 2248 1508 2301 Ι
1537 2245 1670 2292 ἔνικα
1699 2246 1757 2289 Ὲῑ
1789 2244 1936 2291 εῗλικα

253 2308 306 2347 co
338 2304 389 2349 ἔν
421 2319 495 2348 σοι
525 2321 668 2348 κατα-
700 2309 761 2348 zf
817 2314 841 2349 8
874 2306 1042 2350 οὐθενὶ
1082 2307 1177 2352 Us.:
1210 2307 1359 2351 οὐθὲν
1390 2306 1548 2363 (οὐδὲν
1570 2307 1622 2362 F)
1654 2307 1698 2349 Ω
1789 2314 1813 2348 4
1845 2305 1936 2350 αἰεὶ

251 2363 418 2406 1³²sz
496 2371 521 2405 ο
553 2363 807 2421 ἐπανάγειν
836 2366 940 2410 scri.
972 2367 1028 2421 cf.
1055 2365 1206 2422 1247,
1230 2369 1283 2419 4;
1317 2369 1391 2419 56,
1417 2370 1476 2410 10
1506 2364 1709 2422 ἀπάγειν
1731 2367 1940 2408 ΡῦοῈΖῐ

251 2421 442 2479 ἐπάγειν
474 2426 507 2464 Β
539 2422 733 2479 ἀνάγειν
757 2423 890 2468 Schn.
927 2426 934 2479 Ι
967 2431 1062 2468 τῶν
1094 2422 1386 2482 ἀστρολόγων
1407 2427 1510 2467 1¹21
1596 2431 1620 2467 8
1651 2424 1866 2474 κενώσεις
1896 2430 1937 2468 et

250 2482 505 2538 πληρώσεις
527 2484 589 2525 Ωε
622 2495 736 2526 corr.
780 2483 851 2527 Us.
883 2484 978 2527 nisi
1009 2482 1214 2528 δυνατὸν
1245 2484 1380 2538 infra
1401 2497 1548 2538 ponas
1573 2484 1581 2540 Ι
1608 2482 1934 2538 καταστροφὴν

249 2542 313 2584 52:
339 2554 451 2585 corr.
473 2540 604 2585 Gass.
666 2549 691 2582 9
715 2538 927 2586 δύναιντ’
950 2543 1062 2587 Mei.
1125 2550 1171 2584 ιο
1203 2540 1367 2598 ὁμοίου
1388 2542 1512 2596 Giu„
1528 2541 1605 2586 sed
1620 2541 1677 2595 cf.
1689 2556 1740 2597 p.
1758 2545 1829 2595 31,
1842 2542 1931 2597 201

250 2596 355 2642 κατ’
374 2599 738 2654 ἐπιπροσθήσεις
763 2599 886 2645 Cob.:
919 2600 1040 2645 κατὰ
1068 2600 1404 2656 προσθετήσεις
1431 2603 1475 2644 Ω
1505 2600 1626 2644 κατὰ
1657 2601 1933 2655 ἐπιπροσθε-

250 2658 400 2711 τήσεις
423 2659 556 2703 Schn.
582 2659 815 2715 (Aldobr.)
877 2667 924 2702 18
956 2661 1296 2716 καταγαπηκὼς
1319 2660 1478 2702 Br¹co
1540 2669 1584 2702 14
1618 2659 1721 2704 οὔτε
1751 2663 1932 2715 θεωρη-

248 2725 386 2767 τικῶς
402 2720 445 2760 Ω
462 2718 672 2774 (-d›913¹):
698 2732 813 2762 corr.
835 2719 938 2763 (Iob.
1000 2727 1047 2761 16
1070 2717 1155 2775 μὲν
1179 2720 1266 2763 ins.
1294 2720 1365 2764 Us.
1428 2727 1474 2761 18
1497 2725 1588 2762 τῶν
1613 2733 1694 2763 οηι.
1714 2719 1873 2761 BP¹co

250 2784 300 2818 20
330 2777 509 2833 αὐτοῖς]
533 2777 658 2836 αὐτῷ
692 2777 840 2833 Gass„
869 2777 948 2822 sed
978 2779 1035 2834 cf.
1061 2793 1110 2835 p.
1134 2781 1211 2832 29,
1235 2782 1263 2822 4
1324 2786 1367 2820 21
1401 2781 1661 2833 συνθεωρεῖ
1687 2777 1871 2820 BP¹rz

249 2843 299 2877 22
314 2833 443 2879 ταῦτ’
459 2835 627 2894 ὀ[γκοῖ]
645 2835 852 2892 ματαίως
866 2837 947 2881 καὶ
963 2836 1230 2894 καταρρέπῃ
1246 2852 1337 2882 ras.
1355 2838 1465 2881 m²13
1483 2837 1652 2882 ταυτὸν
1667 2833 1929 2894 κυματαίως

250 2894 329 2937 καὶ
353 2892 618 2950 καταρρέπῃ
642 2897 798 2952 (-ρεπῆ
823 2896 895 2952 1²⁸)
912 2901 1008 2940 Pco
1031 2895 1203 2940 ταυτὸν
1225 2921 1233 2929 ·
1254 2921 1264 2932 ·
1284 2921 1294 2930 ·
1317 2896 1398 2941 καὶ
1421 2903 1686 2952 καταρρεπῆ
1703 2896 1760 2938 1¹
1784 2904 1930 2950 κυμα-
